|0000|006|0|||01072022|31072022|ELETRODUARTE SANTA BARBARA LTDA|41132335000221|MG|3136207||00|2|
|0001|0|
|0100|LUIZ ANTONIO DA SILVA|37895990691|MG-053941O||35960000|RUA MARIA CAROLINA|126||CENTRO|3138322532||consilcontabilidade@terra.com.br|3157203|
|0110|2|1|1|9|
|0140|1|ELETRODUARTE SANTA BARBARA LTDA|41132335000221|MG|0039925260191|3136207|||
|0150|3014|ERNANE LOPES DE FREITAS|1058|33454189000141||0041607090082|3136207||RUA MARIA ISABEL PEREIRA|40||LOANDA|
|0150|3048|ASSEMBLEIA DE DEUS MINISTERIO DE JOAO MO|1058|09529055000168|||3136207||R EVANGELISTA|134||ALVORADA|
|0150|3094|CONCRETMAX CONCRETO LTDA|1058|33293243000114||0034196190090|3136207||AVENIDA ARMANDO FAJARDO|4052||CRUZEIRO CELESTE|
|0150|3118|CONSTRUTORA TITANIUM LTDA|1058|32116721000158||0033258200068|3136207||AVENIDA WILSON ALVARENGA|1071||CARNEIRINHOS|
|0150|3131|ENJATEC SERVICOS E FABRICACOES LTDA|1058|02424391000105||3627393460077|3136207||AV ARMANDO FAJARDO|4506||CRUZEIRO CELESTE|
|0150|3138|PREFEITURA MUNICIPAL DE JOAO MONLEVADE|1058|18401059000157|||3136207||R GERALDO MIRANDA|337||ALVORADA|
|0150|3157|LUBTRANS COMERCIO, SERVICOS E LOCACOES LTDA|1058|24331946000107||0027178300027|3136207||AVENIDA GENTIL BICALHO|351|LETRA A|CARNEIRINHOS|
|0150|3166|MANSERV FACILITIES LTDA|1058|20707884000711||0029108890030|3144805||ALAMEDA OSCAR NIEMEYER|400|SALA 501 PAVMTO5 LOT|VILA DA SERRA|
|0150|3167|SILVIO AVILA DA SILVA|1058||03524018696||3106002||RUA MARIA MARCELINA|120||MARIA MARCELINA|
|0150|3175|ASSOCIACAO SAO VICENTE DE PAULO DE JOAO|1058|21142203000192|||3136207||R DOUTOR GERALDO SOARES DE SA|SN||VILA TANQUE|
|0150|3181|FRANCILEY CAMARGO HOFFMAN COSTA|1058||00233275614||3136207||AVENIDA CASTELO BRANCO|319||REPÚBLICA|
|0150|3192|ENGEMEC SERVICOS DE MANUTENCAO LTDA|1058|10764189000142||0011349730068|3155702||R ONZE|375||LOUIS ENSCH|
|0150|3237|CASA DA CONSTRUCAO JM LTDA|1058|28898983000144||0030640940030|3136207||AV GENTIL BICALHO|607||CARNEIRINHOS|
|0150|3297|LOGISTICA TRANSPORTES LTDA|1058|17874556000100||0021264000090|3136207||R FRANCISCO TELES|13||ALVORADA|
|0150|3301|CONSTRUTORA NOBREGA PIMENTA|1058|19942283000119||7016959100020|3155702||AV PRESIDENTE CASTELO BRANCO|262||LOUIS ENSCH|
|0150|3316|INSTITUTO DE CIRURGIA E ORTOPEDIA MONLEV|1058|03067119000170|||3136207||R RICARDO LEITE|405||CARNEIRINHOS|
|0150|3322|RG PNEUS LTDA|1058|25567140001220||3626113491111|3136207||R SACRAMENTO|320|LETRA E|FEIXOS|
|0150|3375|JATEAR TRATAMENTO ANTICORROSIVO LTDA|1058|15013959000139||0019119690037|3136207||R GAZANIA|868||CAMPOS ELÍSIOS|
|0150|3391|EHLO AMBIENTAL LTDA|1058|26112155000103|||3136207||AVENIDA ALBERTO LIMA|3001|ANDAR 1|CAMPOS ELÍSIOS|
|0150|3398|VALEMIX CONCRETOS E SERVICOS LTDA|1058|04702118000384||0621568780140|3136207||AVENIDA CABO FRIO|315||SION|
|0150|3487|SOTREQ S/A|1058|34151100006252||0016365490640|3106200||R 2|S/N|LOTE 4 E 5 QUADRA1|DISTRITO INDUSTRIAL II|
|0150|3501|RAIMUNDO GOMES FORMIGA|1058||14097800663||3136207||RUA SÃO GONÇALO|131||ACLIMAÇÃO|
|0150|3520|EDIFICAR EMPREENDIMENTOS E CONSTRUCOES L|1058|04478726000195|||3136207||AV GETULIO VARGAS|5432|SALA 403|CARNEIRINHOS|
|0150|3525|MIRELLE SANTOS SERAFIM|1058|22504579000162||0025626350012|3136207||ROD BR-262|SN|KM 208|TANQUINHO|
|0150|3531|SILVIA REGINA DE SOUSA DUARTE|1058|14796543000171||0018906340087|3155702||R TIRADENTES|22||CENTRO|
|0150|3594|CONSTRUTORA HELMO LTDA|1058|66275306000169||3627671390012|3136207||R BEIRA-RIO|8||CENTRO INDUSTRIAL|
|0150|3596|ARTHUR HENRIQUE CHAVES TEIXEIRA|1058||02262119678||3106002||BR 381|303||LAGES|
|0150|3683|QUALICTEC MECANICA INDUSTRIAL LTDA.|1058|04831636000136||3621586830059|3136207||AV ALBERTO LIMA|2525||SION|
|0150|3736|FUSAO LIGAS COM. E IND. LTDA|1058|05620585000166||5572354550003|3136207||AV B|201|: BR381-KM337 DIST I|CRUZEIRO CELESTE|
|0150|3744|DESA ENGENHARIA E REFRATARIOS LTDA|1058|14630809000101||0018735210087|3141108||R JOAO PEREIRA LIMA|90||DISTRITO INDUSTRIAL|
|0150|3747|GILSON DE JESUS SANTOS 02906707643|1058|45763759000164||0043010790066|3136207||R LOUIS ENSCH|630|CASA CASA|ALVORADA|
|0150|3759|POSTO & HOTEL GIRA-SOL LTDA|1058|03367223000180||0600402120000|3106002||BR 381, KM 325,5|S/N|RODOVIA BR 381|BELA VISTA DE MINAS|
|0150|3772|CTM - CENTRO TECNICO MUNDIAL LTDA|1058|24999249000110|||3136207||R OROZIMBO MAMEDE|129|ANDAR 2|ROSARIO|
|0150|3868|G M FERREIRA IMPERIO BAR LTDA|1058|46528632000123||0043498880047|3136207||AV GENTIL BICALHO|633||CARNEIRINHOS|
|0150|3884|ORBANKA COMERCIO E IMPORTACAO DE MAQUINA|1058|08283465000370||0034813930123|3106002||RUA MATILDE ROSA DA SILVA|108||BOA ESPERANCA|
|0150|3891|LIDER MANUTENCAO E INDUSTRIA LTDA|1058|22164230000129||3625148160005|3136207||RUA SEBASTIAO SIMAO DE ALMEIDA|685||SION|
|0150|3902|SOLUM DEMOLICOES E TERRAPLENAGEM LTDA|1058|10630328000307||0011096600188|3136207||AVENIDA GETULIO VARGAS|3348||BELMONTE|
|0150|3904|ARE ENGENHARIA EIRELI|1058|04067367000183||0621027220010|3106200||RUA CARACA|710||SERRA|
|0150|3914|DEPOSITO CIDADE NOBRE LTDA.|1058|05118445000194||3131864300078|3131307||AV SIMON BOLIVAR|920|: 950;|CIDADE NOBRE|
|0150|3922|ANGELA PINHEIRO CHAGAS MARQUES|1058|03564585000160|||3136207||AV WILSON ALVARENGA|1047|SALA 601/602|CARNEIRINHOS|
|0150|3924|VANIA MARIA BATISTA|1058||06655098637||3157203||RUA DA PRAIA|400||PRAIA|
|0150|3925|FERNANDA NASCIMENTO DE BARROS|1058||10539942731||3302858||RUA CORONEL FRANÇA LEITE|1098||CHATUBA|
|0150|3926|ISAIAS LEITE GOMES|1058||90668960949||4119608||REINALDO NUNES FERREIRA|570||SANTA REGINA|
|0150|3933|LUCIANO BATISTA MASCARENHAS|1058||93439946649||3136207||ODILON BICALHO|50||JK|
|0150|3934|CINTIA MAY SILVA|1058||05837093974||5107743||AVENIDA DOS IMIGRANTES|176||CENTRO|
|0150|3936|ROSALVA FORTES DE M DRUMMOND|1058||00451432690||3137601||GETULIO VARGAS|2130||VILA JOANA DARC|
|0150|3937|MARIA DA ASSUNCAO CARDOSO|1058||18150161830||3509304||JOÃO GERALDO|480||CENTRO|
|0150|3939|FELIPE DA SILVA BENTO|1058||28592104823||3548708||AVENIDA ARMANDO ÍTALO SETTI|661||BAETE NEVES|
|0150|3940|SUNSET SPORTS ARENA LTDA|1058|44852017000142|||3136207||AV ARMANDO FAJARDO|679||LOANDA|
|0150|3941|MARLON GABRIEL MIRANDA|1058||12642666697||3136207||RUA IPATINGA|115|,|SANTA BARBARA|
|0150|3948|CONSTRUTORA ROCA LTDA|1058|76033653000724||0021940210003|3127701||R AYRTON SENA|210||INTERLAGOS|
|0150|3949|POSTO LONGANA LTDA|1058|00067750000261||3629059210132|3136207||R SACRAMENTO|320|LETRA: C;|FEIXOS|
|0150|3950|CS TOWER BRASIL ENGENHARIA LTDA|1058|13993117000165||105077658|5208707||AV DEPUTADO JAMEL CECILIO|2929|QUADRAB27 LOTE AREA|JD GOIAS|
|0150|3952|MARIA APARECIDA BUENO GUERRA|1058||54227550653||3144706||RUA ITABIRA|15||AROEIRAS|
|0150|3965|RANGE PARTICIPACOES LTDA|1058|28516489000178|||3136207||R FRANCISCO MOREIRA MACHADO|280||PAINEIRAS|
|0150|3968|LUCCA NASCIMENTO SANTANA|1058||04761573589||2927408||RUA DO CAXUNDÉ|29||BOCA DO RIO|
|0150|3969|CIRILO DE ALEXANDRIA ALMEIDA JUNIOR|1058||17885398854||4205407||ADILES DELLA GIUSTINA|328||INGLESES DO RIO VERMELHO|
|0150|3972|MARIA ZENAIDE ROCHA|1058||26825848534||2927408||ALAMEDA CATÂNIA|81||PITUBA|
|0150|3974|JBC IMOVEIS LTDA|1058|10247667000147||0010838240020|3136207||AV ALBERTO LIMA|2511|SALA 06|SION|
|0150|3975|PETERSON LUIZ DE BARROS COELHO|1058||07316465689||3131307||RUA MILTON CAMPOS|454|AP 302|CIDADE NOBRE|
|0150|3976|SR ENGENHARIA EIRELI|1058|33543232000307||0034734770050|3170206||AVENIDA JAIME RIBEIRO DA LUZ|971|SALA 52 BOX 44|SANTA MONICA|
|0150|3978|MAYA ENERGY LTDA|1058|31068918000104||0032430950049|3106200||AV PROFESSOR MARIO WERNECK|26|SALA 601|ESTORIL|
|0150|3980|DIOCESE DE ITABIRA|1058|20963351002744|||3144706||RUA TOMAZ JACINTO|S/N||CENTRO|
|0150|3981|MML SISTEMAS DE AUTOMACAO LTDA.|1058|61219671000132||115159641111|3550308||R ITAPURA|359||TATUAPE|
|0150|3985|DIONEIDE BARRETO DA CRUZ|1058||31284212858||2928000||RIO BRANCO|354||CENTRO|
|0150|3986|DARCI ALVES DA SILVA|1058||11913452620||3144706||GOVERNADOR VALADARES|113||CENTRO|
|0150|3987|OLIVIA FONSECA DUARTE|1058||81634846672||3136207||AVENIDA GETÚLIO VARGAS|574|SALAS|CARNEIRINHOS|
|0150|3989|ANA LUCIA MARTINS DA COSTA SILVA|1058||31897819668||3144706||RUA SOROCABA|93|CASA|ESTAÇÃO|
|0150|3990|VANDERSON GOMES|1058||12998402640||3136207||RUA MARQUÊS DE FUNCHAL|11|A|NOVO CRUZEIRO|
|0150|3993|POLICIA MILITAR DO ESTADO DE MINAS GERAI|1058|16695025000197|||3136207||AVENIDA WILSON ALVARENGA|30||BELMONTE|
|0150|3994|CARBOMET COMERCIO E INDUSTRIA EIRELI|1058|71502553000190||0019745900010|3155702||R PROFESSORA ZINA MAFRA|01|ANEXO: B;|BICAS|
|0190|MT|MT MT|
|0190|RL|RL RL|
|0190|UN|UN UN|
|0200|10|CAIXA PVC 4X4|||UN|00|39259090||39|||
|0200|1009|FITA ISOLANTE 10M 3M IMPERIAL|||UN|00|39191020||39|||
|0200|101|CABECOTE PVC 1|||UN|00|39269090||39|||
|0200|1038|PINO IND 3P+T 63A 9H AZ 4579 220V|7892327520155||UN|00|85366990||85|||
|0200|1039|TOMADA IND 3P+T 32A 9H AZ N4209 220V|7892327518381||UN|00|85366910||85|||
|0200|1041|TOMADA IND 3P+T 63A 9H AZ 4509 220V|7892327520254||UN|00|85366910||85|||
|0200|107|*ELETRODUTO GALV LEVE  R3/4X3M PAR0,5MM|||UN|00|72103090||72||18,00|
|0200|108|*ELETRODUTO GALV LEVE R1X3M PAR0,5MM|||UN|00|72103090||72||18,00|
|0200|109|*ELETRODUTO GALV MEDIO   R11/4X3M PAR0,75MM|||UN|00|72103090||72||18,00|
|0200|1124|CONDULETE AL S/ ROSCA S/ PL DUP 3/4 ED|7891435008234||UN|00|76169900||76||18,00|
|0200|1127|Z TRANSFORMADOR KING 100VA 440/220V 60HZ|||UN|00|85043191||85|||
|0200|114|*LUVA GALV. ROSCA   3/4|||UN|00|39174090||39|||
|0200|1143|*QUADRO DIST TIGRE NOVO PVC SOB. 12CH/16CH BR|7899052576693||UN|00|85381000||85||18,00|
|0200|121|CURVA GALV. 90 ROSCA   3/4|||UN|00|73071990||73|||
|0200|1237|PERFILADO 38X38MM 6MTS CH24|||UN|00|73072200||73|||
|0200|124|CURVA GALV. 90 ROSCA 11/2|||UN|00|73071990||73|||
|0200|1242|PERF EMENDA INT. HORIZ. I 38X38MM|||UN|00|73089010||73|||
|0200|1245|MULTIMETRO DIGITAL MINIPA ET1002|||UN|00|90303100||90|||
|0200|126|ELETRODUTO PVC ROSCA    3/4X3M|||UN|00|39172300||39|||
|0200|127|ELETRODUTO PVC ROSCA   1X3M|||UN|00|39172300||39|||
|0200|128|ELETRODUTO PVC ROSCA  11/4X3M|||UN|00|39172300||39|||
|0200|129|ELETRODUTO PVC ROSCA 11/2X3M|||UN|00|39172300||39|||
|0200|1290|CABO TRIPLEX ALUMINIO 1KV 16MM2|||MT|00|76169900||76|||
|0200|1291|CONECTOR CABO HASTE GR LATAO CHT1|||UN|00|85472090||85|||
|0200|130|ELETRODUTO PVC ROSCA 2X3M|||UN|00|39172300||39|||
|0200|1320|CONDULETE AL S/ ROSCA C/ PL 11/2 C 56105/315|7891435047103||UN|00|76169900||76||18,00|
|0200|1325|PLACA MILL TETO CEGA RED 4POL|7898010139314||UN|00|39259090||39|||
|0200|1339|TRANSFORMADOR 500VA BIV|||UN|00|85043111||85|||
|0200|138|Z CURVA GALV. 90 ROSCA   3/4 PESADA|||UN|00|73072200||73|||
|0200|1383|FIO PLASTICHUMBO 2X1,5MM2 750V|||MT|00|85444900||85|||
|0200|139|CURVA GALV. 90 ROSCA   1 PESADA|||UN|00|73071990||73|||
|0200|1404|PERF EMENDA INT. HORIZ. T 38X38MM|||UN|00|73089010||73|||
|0200|1405|PORCA SEXTAVADA 1/4`|||UN|00|73181600||73|||
|0200|141|Z CURVA GALV. 90 ROSCA  11/4 PESADA|||UN|00|73071990||73|||
|0200|1421|DUTO FLEX CORRUGADO 11/2POL 50MM|||UN|00|39173290||39|||
|0200|152|CABO FLEXIVEL  2,5MM2 750V PT|||MT|00|85444900||85|||
|0200|1539|FITA ISOLANTE SCOTCH AF 10MT 23BR|7891040014149||UN|00|39191020||39|||
|0200|154|CABO FLEXIVEL  6,0MM2 750V PT|||MT|00|85444900||85|||
|0200|1542|INTERRUPTOR PIALPLUS MOD INTERMED 612007|||UN|00|85365090||85|||
|0200|1556|ARRUELA LISA 1/4|||UN|00|76161000||76|||
|0200|156|CABO FLEXIVEL 10,0MM2 750V PT|||MT|00|85444900||85|||
|0200|157|CABO FLEXIVEL 16,0MM2 750V PT|||MT|00|85444900||85|||
|0200|158|CABO FLEXIVEL 25,0MM2 750V PT|||MT|00|85444900||85|||
|0200|1596|PERF GANCHO CURTO 38MM|||UN|00|73089010||73|||
|0200|1598|TIRANTE 1/4|||MT|00|73269090||73||18,00|
|0200|1600|BARRA COBRE 195A 1X1/8|||MT|00|74071010||74|||
|0200|1610|CHAVE WEG PDW04 5CV 11-17A 220V|||UN|00|85371090||85||18,00|
|0200|1619|CONECTOR MACHO GIRATORIO 3/4|||UN|00|85472090||85||18,00|
|0200|1630|REBITE REPUXO 312|||UN|00|76161000||76|||
|0200|1656|CONDULETE AL MONTAVEL S/ PL 3/4 X 56200/072|7891435060607||UN|00|76090000||76|||
|0200|166|CAIXA PASSAGEM 30X30 EMB.|||UN|00|85381000||85|||
|0200|1665|CABO FLEXIVEL  0,75MM2 750V AZ|||MT|00|85444900||85|||
|0200|1681|CONDUITE SEAL TUBO GALV. 1|||MT|00|72103090||72|||
|0200|1687|EMENDA RJ-45|||UN|00|85472090||85|||
|0200|1705|LIMPA CONTATO ELETRICO 220ML|7899674012760||UN|00|38140090||38||18,00|
|0200|1708|CABO TRIPLEX ALUMINIO 1KV 25MM2|||MT|00|76169900||76|||
|0200|180|ABRACADEIRA GALV D CUNHA   11/4|||UN|00|73269090||73|||
|0200|182|ARRUELA ALUMINIO    1/2|||UN|00|76161000||76|||
|0200|183|ARRUELA ALUMINIO 21/2|||UN|00|76161000||76||18,00|
|0200|1865|PLAFON BRZ/BLUM RED VIDRO 25CM 1XE27|7899269507541||UN|00|94059900||94|||
|0200|1891|BOTAO REDONDO VERDE 22,5MM|||UN|00|85365090||85|||
|0200|1898|BOTAO REDONDO VERMELHO 22,5MM|7892327535630||UN|00|85365090||85|||
|0200|1899|Z BOTAO SOCO VM 40MM C/ TRAVA C/ CH|||UN|00|85365090||85|||
|0200|190|PROTETOR CLAMPER DIN FRONT 45KA SLIM RURAL|7899495242964||UN|00|85362000||85|||
|0200|192|CAIXA PISO PVC TERRA 30X30 C/ TAMPA|||UN|00|39269090||39|||
|0200|193|PILHA AAA RECARREGAVEL 1,2V 1000MAH C/2|5415329877557||UN|00|85075090||85||18,00|
|0200|1932|DUTO FLEX CORRUGADO 2POL 63MM|||MT|00|39173290||39|||
|0200|1943|SENSOR PRES QT PAR EMB 4X2 BIV QI6M|7898246050650||UN|00|85365090||85|||
|0200|196|BUCHA ALUMINIO   1/2|||UN|00|73181500||73|||
|0200|1961|TERMINAL TUBULAR LONGO 10MM VM|||UN|00|85369090||85|||
|0200|1962|TERMINAL TUBULAR LONGO 16MM AZ|||UN|00|85369090||85|||
|0200|1967|CAIXA PVC DRYWALL 4X2|||UN|00|39259090||39|||
|0200|199|BUCHA ALUMINIO  11/4|||UN|00|73181500||73|||
|0200|2004|Z * ALCA PRE-FORMADA P/ CABO 25MM2|||UN|00|73262000||73||18,00|
|0200|201|BUCHA ALUMINIO 21/2|||UN|00|73181500||73||18,00|
|0200|202|CABECOTE AL 11/2|||UN|00|76090000||76|||
|0200|2035|FITA ISOLANTE 20M 3M IMPERIAL|||UN|00|39191020||39|||
|0200|2059|BOTAO DUPLO FACETADO LIG/DES|||UN|00|85365090||85|||
|0200|2062|MANGUEIRA CORRUGADA NORMATIZADA AM 25MM|||MT|00|39173290||39|||
|0200|2063|CABO FLEXIVEL  1,5MM2 750V AZ|||MT|00|85444900||85|||
|0200|2066|CABO FLEXIVEL  1,5MM2 750V VM|||MT|00|85444900||85|||
|0200|2067|CABO FLEXIVEL  1,5MM2 750V BR|||MT|00|85444900||85|||
|0200|2068|CABO FLEXIVEL  2,5MM2 750V AZ|||MT|00|85444900||85|||
|0200|2069|CABO FLEXIVEL  2,5MM2 750V VD|||MT|00|85444900||85|||
|0200|2071|CABO FLEXIVEL  2,5MM2 750V VM|||MT|00|85444900||85|||
|0200|2078|CABO FLEXIVEL  6,0MM2 750V AZ|||MT|00|85444900||85|||
|0200|2079|CABO FLEXIVEL  6,0MM2 750V VD|||MT|00|85444900||85|||
|0200|208|PRENSA CABO PVC 3/4 (13-18MM)|||UN|00|39174090||39|||
|0200|2081|CABO FLEXIVEL  6,0MM2 750V VM|||MT|00|85444900||85|||
|0200|2083|CABO FLEXIVEL 10,0MM2 750V AZ|||MT|00|85444900||85|||
|0200|2085|CABO FLEXIVEL 16,00MM2 750V AZ|||MT|00|85444900||85|||
|0200|2086|CABO FLEXIVEL 16,0MM2 750V VD|||MT|00|85444900||85|||
|0200|209|PROTETOR CLAMPER DIN FRONT 20KA SLIM CIDADE|7899495242957||UN|00|85362000||85|||
|0200|211|TAMPAO ALUMINIO 102MM|||UN|00|76169900||76||18,00|
|0200|2111|CABO FLEXIVEL  0,75MM2 750V VM|||MT|00|85444900||85|||
|0200|2114|CORDAO PARALELO 2X2,5MM2 300V MARROM|||MT|00|85444900||85|||
|0200|2124|CABO RIGIDO 16,0MM2 450/750V VERDE|||MT|00|85444900||85|||
|0200|214|TERMINAL TUBULAR CURTO 16MM AZ ATE 17MM|||UN|00|85369090||85|||
|0200|2141|PARAFUSO AUTO BROCANTE 6,3X3/4|||UN|00|73181400||73|||
|0200|216|UNIDUT ALUMINIO RETO 3/4|||UN|00|76090000||76|||
|0200|217|UNIDUT ALUMINIO RETO 1|||UN|00|76090000||76|||
|0200|2178|MANGUEIRA CORRUGADA NORMATIZADA AM 20MM|||MT|00|39173290||39|||
|0200|2189|DUCHA LC BELLA DUCHA 4T 6800W 220V TURBO|7896451849496||UN|00|85161000||85|||
|0200|2204|CAIXA PVC TRAM SOB P/ 1 SECAO LIZ 57303/001|7891435052190||UN|00|39259090||39|||
|0200|2214|CONECTOR DERIV. PERF. 16-120 / 4-35MM2|||UN|00|85472090||85|||
|0200|2236|ABRACADEIRA GALV D CUNHA 2|||UN|00|73269090||73|||
|0200|225|ARRUELA ALUMINIO   1|||UN|00|76161000||76|||
|0200|2253|SPIRALDUTO 3/4 PRETO|||MT|00|39269090||39||18,00|
|0200|226|ARRUELA ALUMINIO    3/4|||UN|00|76161000||76|||
|0200|2290|LUMINARIA EMERG LED 2W 30 LEDS BIV|7898957592630||UN|00|94059900||94|||
|0200|2344|CABO PP HEPR 4X10MM2 1KV|||MT|00|85444900||85|||
|0200|2348|PERF EMENDA INT. HORIZ. L 38X38MM|||UN|00|33030010||33|||
|0200|237|TERMINAL TUBULAR CURTO  6MM AM/VD|||UN|00|85369090||85|||
|0200|2386|HASTE COBREADA BC 5/8 X 2,4MT|||UN|00|72149990||72||18,00|
|0200|241|CONECTOR CABO COAXIAL ROSCA|||UN|00|85472090||85|||
|0200|242|EMENDA CABO COAXIAL|||UN|00|85291090||85|||
|0200|2447|CONECTOR DERIV. PERF. 10-95/1,5-10MM2 CDP70|||UN|00|85472090||85|||
|0200|2466|PARAFUSO PH MAD CAB CH BICROM 3,5 X 30|||UN|00|73181200||73|||
|0200|247|EXTENSAO 2X0,75MM2  3M 3 SAIDAS|7899744003674||UN|00|85444200||85|||
|0200|2498|Z CARREGADOR RAYOVAC P/ 4 PILHAS AA/AAA BIV|||UN|00|85044010||85|||
|0200|2521|PARA-RAIO FRANKLIN 4 PONTOS TEL 032|||UN|00|85354090||85|||
|0200|2583|MANGUEIRA CORRUGADA NORMATIZADA AM 32MM|||MT|00|39173290||39|||
|0200|261|FITA ISOLANTE SCOTCH 20M 33|7891040004416||UN|00|39191020||39|||
|0200|263|GRAMPO ISOLADO MIGUELAO C/ 15 BR|||UN|00|73269090||73|||
|0200|2633|CABO REDE CAT. 5E 8 VIAS INTERNET|||MT|00|85444900||85|||
|0200|2724|PARAFUSO PH MAD CAB CH BICROM 4,5 X 40|||UN|00|73181200||73|||
|0200|2756|Z LANTERNA REC 19 LED C/ ALCA|||UN|00|85131010||85||18,00|
|0200|2775|CONDULETE AL MONTAVEL S/ PL 1 X 56200/023|7891435037791||UN|00|76090000||76||18,00|
|0200|2824|BLOCO CONT. P/ BOTAO 1NF|||UN|00|85364900||85|||
|0200|2861|TAMPAO PVC SELADOR P/ COND. 3/4 MULTIPLO 5611|||UN|00|39174090||39|||
|0200|2873|LUMINARIA TARTARUGA POLICARB PT|7898587732925||UN|00|94059900||94|||
|0200|2877|TAMPAO CEMIG ZA PAS 25X25CM|||UN|00|73269090||73|||
|0200|290|SOQUETE PORC. E-40|7898009450710||UN|00|85366100||85|||
|0200|300|ROLDANA 72X72 PORC.|||UN|00|69141000||69|||
|0200|3025|*ELETRODUTO GALV ELET  PES R1X3M PAR1,55MM|||UN|00|72103090||72||18,00|
|0200|3044|CHAVE PHILIPS GEDORE 3/16 X 4|||UN|00|82054000||82|||
|0200|3048|CHAVE FENDA GEDORE 3/16 X 5|7891504360706||UN|00|82054000||82|||
|0200|3052|PLUGUE 2P FEMEA 10A 250V PB PRETO|7891128310422||UN|00|85366990||85|||
|0200|3053|PINO 2P MACHO 10A 250V PRETO|||UN|00|85366990||85|||
|0200|3100|QUADRO COMANDO 600X500X250MM|||UN|00|85381000||85||18,00|
|0200|312|SUPORTE ANTENA CAVALETE DUPLO 3/4|||UN|00|73269090||73||18,00|
|0200|3135|MODULO Z.PIAL CEGO 680165|||UN|00|85366910||85|||
|0200|3136|MODULO Z.PIAL FURO 680167|7891284041031||UN|00|39259090||39|||
|0200|3137|TOMADA Z.PIAL MODULO RJ45 5E 680158|||UN|00|85366910||85|||
|0200|3141|PLACA Z.PIAL 2S 4X2 680182|||UN|00|39259090||39|||
|0200|3144|PLACA Z.PIAL 3S+3S 4X4 680177|||UN|00|39259090||39|||
|0200|3145|PLACA Z.PIAL 3S 4X2 680183|7891284040959||UN|00|39259090||39|||
|0200|3146|PLACA Z.PIAL CEGA 4X4 680173|7891284040966||UN|00|39259090||39|||
|0200|3151|TOMADA Z.PIAL MODULO RJ11 680156|||UN|00|85366910||85|||
|0200|3157|LAMPADA LED PAR20 6400K BIV E27|7896619428839||UN|00|85392190||85|||
|0200|3224|PINO 2P MACHO GIGANTE 10A 250V PRETO|7891128820594||UN|00|85366990||85|||
|0200|3227|PINO 3P MACHO GIGANTE 10A 250V PRETO|||UN|00|85366990||85|||
|0200|3232|TOMADA Z.PIAL 3P PB 20A 250V C/ PL 4X2 680120|7891284040713||UN|00|85366910||85|||
|0200|3263|TOMADA Z.PIAL MODULO 3P PB 20A 250V 680161|7891284041208||UN|00|85366910||85|||
|0200|328|ABRACADEIRA NYLON 280X4,6 T50 BRANCA|7898105771580||UN|00|39269090||39|||
|0200|329|ABRACADEIRA GALV D CUNHA   1|||UN|00|73269090||73|||
|0200|331|ABRACADEIRA GALV D CUNHA 3/4|||UN|00|73269090||73|||
|0200|3382|DISJUNTOR GE DIN MONOPOLAR C 20A|7891140379032||UN|00|85362000||85|||
|0200|3422|PENTE BARRAMENTO BIP 12P|||UN|00|96151100||96|||
|0200|3432|CANALETA PVC SCH 20X12X200MM C/ ADESIVO|7702496010695||UN|00|39162000||39|||
|0200|3433|CANALETA PVC SCH 13X7X2000MM C/ ADESIVO|||UN|00|39162000||39|||
|0200|3453|FONTE 12V 2A 30W ATE 5M FITA LED BR/AM|7877988848541||UN|00|85044029||85||18,00|
|0200|3465|*QUADRO DIST TIGRE NOVO PVC EMB. 18/24CH BR|7899052576518||UN|00|85381000||85||18,00|
|0200|3490|CABO FLEX RL 100M 1,5MM2 750V AM|||RL|00|85444900||85|||
|0200|3492|CABO FLEX RL 100M 1,5MM2 750V BR|||RL|00|85444900||85|||
|0200|3494|CABO FLEX RL 100M 1,5MM2 750V VD|||RL|00|85444900||85|||
|0200|3496|CABO FLEX RL 100M 2,5MM2 750V AM|||RL|00|85444900||85|||
|0200|3497|CABO FLEX RL 100M 2,5MM2 750V AZ|||RL|00|85444900||85|||
|0200|3499|CABO FLEX RL 100M 2,5MM2 750V PT|||RL|00|85444900||85|||
|0200|3500|CABO FLEX RL 100M 2,5MM2 750V VD|||RL|00|85444900||85|||
|0200|3501|CABO FLEX RL 100M 2,5MM2 750V VM|||RL|00|85444900||85|||
|0200|3503|CABO FLEX RL 100M 4,0MM2 750V AZ|||RL|00|85444900||85|||
|0200|3505|CABO FLEX RL 100M 4,0MM2 750V PT|||RL|00|85444900||85|||
|0200|3507|CABO FLEX RL 100M 4,0MM2 750V VM|||RL|00|85444900||85|||
|0200|3512|CABO FLEX RL 100M 6,0MM2 750V VD|||RL|00|85444900||85|||
|0200|3531|LAMPADA LED TUBE 6500K 18A20W T8 BIV 120CM|7899677100044||UN|00|85392990||85|||
|0200|355|CABECOTE AL   3/4|||UN|00|76169900||76|||
|0200|356|CABECOTE AL  1|||UN|00|76090000||76|||
|0200|357|CABECOTE AL 21/2|||UN|00|76090000||76|||
|0200|3590|MANGUEIRA CORRUGADA KRONA LAR 32MM|||MT|00|39173290||39|||
|0200|3591|CAIXA PVC KRONA AMARELA FM|7897801310475||UN|00|39259090||39|||
|0200|3593|CAIXA PVC KRONA/TRAM AMARELA 4X2|7891435046403||UN|00|39259090||39|||
|0200|3614|LAMPADA LED DIC 6500K 4A6W GU10 BIV|7898949963417||UN|00|85392990||85|||
|0200|3619|CAIXA PASSAGEM PVC 15X15 EMB. TIGRE|||UN|00|39259090||39|||
|0200|3674|DISJUNTOR GE DIN MONOPOLAR C 40A|7891140379063||UN|00|85362000||85|||
|0200|3681|CONECTOR PORC TRIP 16MM|||UN|00|85472090||85|||
|0200|3711|LAMPADA LED V LISA 6500K 3A5W E14|7908163104081||UN|00|85392990||85|||
|0200|3717|REFLETOR LED  6500K  20W BIV IP65|7899710013355||UN|00|94059900||94|||
|0200|3724|JOGO DE CHAVE TORK C/ 9 PECASSS FOX/LOTUS|||UN|00|82054000||82|||
|0200|3752|REFLETOR LED  6500K  50W BIV IP65|7897013587047||UN|00|94059900||94|||
|0200|3786|DISJUNTOR SOP MONOPOLAR DIN C 10A|7892327521749||UN|00|85362000||85|||
|0200|3787|DISJUNTOR SOP BIPOLAR DIN C 10A|7892327521831||UN|00|85362000||85|||
|0200|3789|DISJUNTOR SOP MONOPOLAR DIN C 16A|7892327521756||UN|00|85362000||85|||
|0200|3791|DISJUNTOR SOP MONOPOLAR DIN C 20A|7892327521763||UN|00|85362000||85|||
|0200|3794|DISJUNTOR SOP MONOPOLAR DIN C 25A|7892327521770||UN|00|85362000||85|||
|0200|3795|DISJUNTOR SOP BIPOLAR DIN C 25A|7892327521862||UN|00|85362000||85|||
|0200|3798|DISJUNTOR SOP BIPOLAR DIN C 32A|7892327521879||UN|00|85362000||85|||
|0200|3801|DISJUNTOR SOP BIPOLAR DIN C 40A|7892327521886||UN|00|85362000||85|||
|0200|3803|DISJUNTOR SOP MONOPOLAR DIN C 50A|7892327521800||UN|00|85362000||85|||
|0200|3807|DISJUNTOR SOP BIPOLAR DIN C 63A|7892327521909||UN|00|85362000||85|||
|0200|3809|DISJUNTOR SOP TRIPOLAR DIN C 63A|7892327521992||UN|00|85362000||85|||
|0200|3810|DISJUNTOR SOP BIPOLAR DIN C 16A|7892327521848||UN|00|85362000||85|||
|0200|3818|CABO CAMERA/CELULAR 4MM+2X26 80% CFTV BR|||MT|00|85444200||85|||
|0200|3839|PLUGUE PIAL 3P FEMEA 10A 250V PB CZ 615814|7891284032213||UN|00|85366990||85|||
|0200|3841|CONECTOR ADAPTADOR BNC MACHO TIPO MOLA|||UN|00|85472090||85|||
|0200|3850|LUSTRE BRZ TREVISO 5X40W E14|||UN|00|94051110||94|||
|0200|3871|MODULO LIZ BR CEGO 57115/090|7891435042979||UN|00|85366910||85|||
|0200|3873|PLACA P/COND. AL LIZ 1/2 - 3/4 1 MOD. VERT 56|7891435062571||UN|00|39259090||39|||
|0200|3874|INTERRUPTOR LIZ MODULO BR SIMPLES 10A 5711501|7891435926842||UN|00|85365090||85|||
|0200|3875|TOMADA LIZ MODULO BR 3PB 10A 250V 57115030|7891435064131||UN|00|85366910||85|||
|0200|3876|TOMADA LIZ MODULO BR 3PB 20A 250V 57115038|7891435945072||UN|00|85365090||85|||
|0200|3889|PLACA LIZ BR 4X2 2SD 57106/206|7891435924541||UN|00|39259090||39|||
|0200|3890|PLACA LIZ BR 4X2 3S 57106/007|7891435043204||UN|00|39259090||39|||
|0200|3891|PLACA LIZ BR 4X2 CEGA 57106/001|7891435924510||UN|00|39259090||39|||
|0200|3894|PLACA LIZ BR 4X4 3S+3S 57106011|7891435043235||UN|00|39259090||39|||
|0200|3895|PLACA LIZ BR 4X4 CEGA 57106021|7891435043211||UN|00|39259090||39|||
|0200|3897|INTERRUPTOR LIZ MODULO BR INTERMED 10A 571150|7891435042818||UN|00|85365090||85|||
|0200|3898|INTERRUPTOR LIZ MODULO BR PULS CAMP 10A 57115|7891435042849||UN|00|85365090||85|||
|0200|3899|INTERRUPTOR LIZ MODULO BR BIP 10A 250V 571150|7891435042825||UN|00|85365090||85|||
|0200|3900|TOMADA LIZ MODULO BR TEL RJ11 57115051|7891435042900||UN|00|85366910||85|||
|0200|3902|TOMADA LIZ MODULO BR CAT5E RJ45 57115056|7891435056907||UN|00|85366910||85|||
|0200|3903|PLACA LIZ BR 4X2 1S HOR 57106/204|7891435924534||UN|00|39259090||39|||
|0200|3904|INTERRUPTOR LIZ MODULO BR PARAL 10A 57115002|7891435926873||UN|00|85365090||85|||
|0200|3905|INTERRUPTOR LIZ C/PL BR SIMPLES 6A 57170201|7891435924626||UN|00|85365090||85|||
|0200|3906|TOMADA LIZ C/PL BR 3PB 10A 250V 57170210|7891435924633||UN|00|85366910||85|||
|0200|3914|QUADRO DIST CEMAR 32/44CH+G S/B EMB 904364BG|||UN|00|85381000||85||18,00|
|0200|3916|KIT BAR CEMAR P/ 44CH DIN TRIF 100A 904384|||UN|00|85444200||85|||
|0200|3925|LAMPADA LED PAR20 3000K BIV E27|7899452015501||UN|00|85408990||85|||
|0200|3984|LUMINARIA LED 6000K QUAD EMB 12W BIV 17CM|7898959291265||UN|00|94059900||94|||
|0200|3986|LUMINARIA LED 6000K QUAD EMB 18W BIV 22CM|7897013558870||UN|00|94059900||94|||
|0200|3987|LUMINARIA LED 6000K QUAD SOB 18/20W BIV 22CM|7898959291203||UN|00|94059900||94|||
|0200|4011|LAMPADA LED 6500K 15W BIV E27|7899710006579||UN|00|85392990||85|||
|0200|4068|PLACA P/COND. AL LIZ 1P 1 MOD. HORIZ|7891435062588||UN|00|39259090||39|||
|0200|4076|MODULO PIALPLUS CEGO 611047|7891284010334||UN|00|85366910||85|||
|0200|4126|*CAIXA CEMIG CM14 POLIF V. PUBLICA|||UN|00|73269090||73||18,00|
|0200|4127|*CAIXA CEMIG  CM 2 POLIFASICA|||UN|00|73269090||73||18,00|
|0200|4174|CONECTOR PORC BIP 16MM|||UN|00|85472090||85|||
|0200|4184|LAMPADA LED 3000K 6A7W BIV E27|7899710006500||UN|00|85392990||85|||
|0200|4186|LAMPADA LED 6500K 9W BIV E27|7899710006531||UN|00|85408990||85|||
|0200|4195|LUMINARIA LED 6000K QUAD EMB 24W BIV 30CM|7899710007699||UN|00|94059900||94|||
|0200|4196|LUMINARIA LED 6000K QUAD SOB 24W BIV 30CM|7897013561658||UN|00|94059900||94|||
|0200|42|CAIXA PVC 4X2|||UN|00|39259090||39|||
|0200|4204|BROCA IRWIN ACO RAP 6MM (1/4) IW1120|||UN|00|82075011||82|||
|0200|4216|SUPORTE MULTIV TV MOV STPAECO 14-56POL|7896643434608||UN|00|73269090||73||18,00|
|0200|4251|DUCHA LC ACQUA STORM ELET BC 7800W 220V|7896451862105||UN|00|85161000||85|||
|0200|4334|LAMPADA LED INDUST 40W BIV 6500K E27|7898957592197||UN|00|85408990||85|||
|0200|4362|SUPORTE MULTIV/BRASF TV FIXO 10-84POL|7896643441439||UN|00|39259090||39||18,00|
|0200|4398|LAMPADA LED INDUST 50W BIV 6500K E27|7899710010415||UN|00|85408990||85|||
|0200|4424|PARAFUSO C. LENT P/ ELET 1/4X3/4 C/ TRAVA|||UN|00|73181500||73|||
|0200|4563|REFLETOR LED  6500K 100W BIV IP65|7899710013386||UN|00|94059900||94|||
|0200|460|PINO RJ-45|||UN|00|85366990||85|||
|0200|466|FITA ISOLANTE 20MT|7898105770521||UN|00|39191020||39|||
|0200|4666|TAMPAO ATER SIMP 300MM MON716|||UN|00|39259090||39|||
|0200|467|FITA ISOLANTE 10MT|7898105770514||UN|00|39191020||39|||
|0200|4693|LAMPADA LED TUBE 3000K 18W T8 BIV 120CM|7899710012037||UN|00|85408990||85|||
|0200|4755|DRIVE P/ LUMINARIA LED 18 A 25W BIV|||UN|00|85044021||85||18,00|
|0200|4760|LAMPADA LED FILAM 8W 2200K 127V E27 BALAO|7898957593279||UN|00|85408990||85|||
|0200|4875|COBRE NU FIO 16,0MM2 NBR 6524|||MT|00|74130000||74|||
|0200|4876|COBRE NU FIO 50,0MM2 NBR 6524|||MT|00|74130000||74|||
|0200|4914|FITA LED 3000K AM IP65 127V GEN|||MT|00|85408990||85|||
|0200|4924|LUMINARIA TAS ALETADA 2X40W BR VAZIA|||UN|00|94059900||94|||
|0200|4935|LAMPADA LED TUBE HO 6500K 40W T8 BIV 240CM|||UN|00|85408990||85|||
|0200|494|SOQUETE LC 1451 E-27 PORC.|7891284030103||UN|00|85366100||85|||
|0200|4994|CONDULETE TRAM PLASTIBOX X 1/2-1 POL57250/011|7891435030662||UN|00|39269090||39||18,00|
|0200|4996|ADAPTADOR TRAM PLASTIB CZ  3/4 57251/012|7891435030693||UN|00|39269090||39||18,00|
|0200|5005|PLACA TRAM PLASTIB CZ CEGA 57252006|7891435020816||UN|00|39259090||39|||
|0200|5006|PLACA TRAM PLASTIB CZ 3S LIZ 57252022|7891435058611||UN|00|39259090||39|||
|0200|5013|ABRACADEIRA TRAM PLASTIBOX  3/4 57255/002|7891435034523||UN|00|39269090||39|||
|0200|5042|CABO FLEXIVEL 16,0MM2 750V BR|||MT|00|85444900||85|||
|0200|5043|CABO FLEXIVEL 16,0MM2 750V VM|||MT|00|85444900||85|||
|0200|5052|PROTETOR CLAMPER DIN VCL CLAS I/II 12,5/60KA|7897348051374||UN|00|85362000||85|||
|0200|506|DISJUNTOR GE NEMA BIPOLAR  15A|||UN|00|85362000||85|||
|0200|5065|ANTENA TV INTERNA DIGITAL DVD-T C/5M CABO|7898170140182||UN|00|85287190||85|||
|0200|5080|CABO FORCA P/ FITA LED GEN 127V|||UN|00|85444200||85|||
|0200|5100|CAIXA PVC TRAM SOB P/ 2 SECOES LIZ|7891435052206||UN|00|39259090||39|||
|0200|5103|CONDULETE AL S/ ROSCA S/ PL TRIP 3/4 ET 56112|7891435008272||UN|00|76169900||76||18,00|
|0200|5140|CONECTOR ADAPTADOR BNC MACHO BORNE|||UN|00|85472090||85|||
|0200|5165|Z ELETRODUTO GALV PESADO 3/4 X 3M NBR 5598|||UN|00|72103090||72||18,00|
|0200|5169|PORTEIRO ELET INTEL IPR1010|7896637673419||UN|00|85171830||85|||
|0200|5211|DISJUNTOR GE DIN PAD CEMIG 2X63A|||UN|00|85362000||85|||
|0200|5246|*ELETRODUTO GALV ELET PES R11/2X3M PAR2,2MM|||UN|00|72103090||72||18,00|
|0200|5266|DISJUNTOR GE DIN PAD CEMIG 3X80A|||UN|00|85362000||85|||
|0200|5305|Z PORTA COPO DESC AUT 150/200MM BR|||UN|00|44199000||44||18,00|
|0200|5307|PORTA PAPEL TOALHA|||UN|00|39259090||39|||
|0200|5337|FONTE 12V 5A COLMEIA|||UN|00|85044029||85||18,00|
|0200|5354|Z CAIXA PLASTICA FECH.PT46L 60X40X23|||UN|00|39231090||39||18,00|
|0200|5480|*BARRAMENTO TIGRE N/T 10P MOD NOVO|51600141083000006071||UN|00|85444200||85||18,00|
|0200|549|LAMINA SER STARRET 12` 18T|||UN|00|82029990||82|||
|0200|551|CONECTOR BIMETALICO PARAF. FENDIDO 16MM2|||UN|00|85369090||85|||
|0200|555|CONECTOR LATAO PARAF. FENDIDO 16MM2|||UN|00|85472090||85|||
|0200|5558|SPOT LED BR QUAD DIR EMB 3W BIV 6000K|7898957593439||UN|00|85366100||85|||
|0200|556|CONECTOR LATAO PARAF. FENDIDO 25MM2|||UN|00|85472090||85|||
|0200|557|CONECTOR LATAO PARAF. FENDIDO 35MM2.|||UN|00|85472090||85|||
|0200|5587|LAMPADA LED INDUST 100W BIV 6500K E40|||UN|00|85392990||85|||
|0200|56|#HASTE TERRA CANT. 3/16`` X 2,4M C/ CONEC|||UN|00|76169900||76||18,00|
|0200|561|TERMINAL LATAO SAPATA 16MM2|||UN|00|85369090||85|||
|0200|562|ARAME GALV. 14AWG|||UN|00|72172090||72|||
|0200|5623|SPOT SAVE DIC GU10 RED BR DIR ABS SE-330.1033|7898583683917||UN|00|85366100||85|||
|0200|5628|SPOT SAVE PAR20 E27 QUAD BR DIR REC ABS SE-33|7898583683979||UN|00|85366100||85|||
|0200|5645|CONECTOR W 221 2P 0,5-6MM2 41A|||UN|00|85472090||85|||
|0200|5646|Z CONECTOR W 221 3P 0,5-4MM2 32A|||UN|00|85472090||85|||
|0200|5647|Z CONECTOR W 221 5P 0,5-4MM2 32A|||UN|00|85472090||85|||
|0200|5661|TOMADA ARIA 3PB 10A 250V C/PL 4X2|7891435932577||UN|00|85366910||85|||
|0200|5662|INTERRUPTOR ARIA SIMPLES 10A 250V C/PL 4X2|7891435933581||UN|00|85365090||85|||
|0200|5663|TOMADA ARIA MODULO 3PB 10A  250V 57217/030|7891435932560||UN|00|85366910||85|||
|0200|5664|TOMADA ARIA MODULO 3PB 20A 250V 57217/032|7891435933574||UN|00|85366910||85|||
|0200|5665|INTERRUPTOR ARIA MODULO SIMPLES 10A 57217/001|7891435933567||UN|00|85365090||85|||
|0200|5666|INTERRUPTOR ARIA MODULO PARALELO 10A|7891435937091||UN|00|85365090||85|||
|0200|567|TERMINAL COMPRESSAO SIMPLES 70MM2|||UN|00|85369090||85|||
|0200|5671|TOMADA ARIA MODULO RJ45 CAT5E|7891435937428||UN|00|85366910||85|||
|0200|5674|PLACA ARIA 4X2 1S 57203/004|7891435932553||UN|00|39259090||39|||
|0200|5675|PLACA ARIA 4X2 2SD 57203/006|7891435936902||UN|00|39259090||39|||
|0200|5676|PLACA ARIA 4X2 3S|7891435933550||UN|00|39259090||39|||
|0200|5677|PLACA ARIA 4X2 CEGA 57203/001|7891435936810||UN|00|39259090||39|||
|0200|5678|PLACA ARIA 4X2 C/ 1 FURO 57203/002|7891435936834||UN|00|39259090||39|||
|0200|5679|PLACA ARIA 4X4 1S+1S 57203/023|7891435936971||UN|00|39259010||39|||
|0200|5680|PLACA ARIA 4X4 2SD+2SD 57203/026|7891435936995||UN|00|39259090||39|||
|0200|5682|PLACA ARIA 4X4 CEGA|7891435936933||UN|00|39259090||39|||
|0200|5697|SONDA ALMA ACO 20M TRACAO 100KG PROF|7898917522097||UN|00|73121090||73||18,00|
|0200|57|ARMACAO REX 1L GALV. FOGO|||UN|00|72122010||72||18,00|
|0200|571|TERMINAL LATAO SAPATA 70MM2|||UN|00|85369090||85|||
|0200|5718|LUMINARIA EMERG LED 2 FAROIS 1200LM BIV|7896619430993||UN|00|94059900||94|||
|0200|5737|FILTRO LINHA QUALIT  5 TOMADAS|7898246050162||UN|00|85364900||85|||
|0200|5738|FILTRO LINHA QUALIT  6 TOMADAS|7898246050179||UN|00|85364900||85|||
|0200|5783|Z CABO SINTENAX FLEX. 10MM2 0,6/1,0KV VD|||MT|00|85444900||85|||
|0200|580|CABO SINTENAX FLEX. 16,0MM2 1KV PT|||MT|00|85444900||85|||
|0200|5801|PLACA LIZ BR 4X2 1FURO 57106002|7891435073614||UN|00|39259090||39|||
|0200|582|CABO PP 2X1,50MM2 750V|||MT|00|85444900||85|||
|0200|584|CABO PP 4X1,50MM2 750V|||MT|00|85444900||85|||
|0200|585|CABO PP HEPR 2X2,5MM2 0,6/1,0KV|||MT|00|85444900||85|||
|0200|5870|LUMINARIA LED SLIM SOB 120CM 6500K BIV|6598646873231||UN|00|94059900||94|||
|0200|588|CABO PP HEPR 3X2,5MM2 1KV|||MT|00|85444900||85|||
|0200|5892|PENDENTE STARTEC RPX GOTA 1XE27 COBRE 1492600|7898292028900||UN|00|85366990||85|||
|0200|599|TAMPAO CEMIG ZB PAS 55X49CM|||UN|00|73269090||73|||
|0200|6022|PROTETOR CLAMPER TOMADA 3P 20A 275V POCKET|7899495216545||UN|00|39269090||39|||
|0200|6077|Z ENXADA 2,5 GOIAVADA C/ CABO|||UN|00|82013000||82|||
|0200|6111|BUCHA PLASTICA C/ ANEL N 6|||UN|00|39269090||39|||
|0200|6112|BUCHA PLASTICA C/ ANEL N 7|||UN|00|39269090||39|||
|0200|6132|BUCHA PLASTICA C/ ANEL N8|||UN|00|39269090||39|||
|0200|619|PARAFUSO SEXT. 1/4 X 50|||UN|00|73181500||73|||
|0200|6221|LAMINA SERRA TICO TICO STARRET BU218|||UN|00|82029990||82|||
|0200|623|PINO 2P MACHO 10A 250V BR|7892164022232||UN|00|85366990||85|||
|0200|6263|DUCHA SINTEX ELET 6500W 220V|7896697800336||UN|00|85161000||85|||
|0200|6290|PINO PIAL 3P MACHO VERSATIL 20A 250V CZ 61585|7891284033876||UN|00|85366990||85|||
|0200|630|CALHA FLUOR. COMERCIAL 2X40W|||UN|00|94059900||94|||
|0200|6304|DISJUNTOR SOP PAD CEMIG DIN C 2X63A|||UN|00|85362000||85|||
|0200|6309|PERFIL N.LINE FIT25 BR 300CM SL0128|||UN|00|73072200||73|||
|0200|631|SOQUETE FLUOR. ANTIVIBRATORIO|||UN|00|85366100||85|||
|0200|6328|FITA LED RIG SAVE 1200MM 20W 1600LM 3000K 12V|7898583687045||MT|00|94059900||94|||
|0200|6462|DUTO FLEX CORRUGADO 1POL 32MM|||UN|00|39173290||39|||
|0200|6464|CABO NU COBREADO 35MM2 NBR 5419|||MT|00|74130000||74|||
|0200|6465|CABO NU COBREADO 50MM2 NBR 5419|||MT|00|74130000||74|||
|0200|648|FITA ACO PERFURADA 19MM|||MT|00|73269090||73||18,00|
|0200|6536|SENSOR PRES QT TETO SOB BIV QA19/23|7898246050742||UN|00|85365090||85|||
|0200|6537|SENSOR PRES QT PAR SOB BIV QA21M|7898246050759||UN|00|85365090||85|||
|0200|6567|CAIXA PISO PVC TERRA 22X20 C/ TAMPA|||UN|00|39269090||39||18,00|
|0200|6568|TAMPAO CEMIG ZA PAS 30X30 PVC LCF01/16|||UN|00|39174090||39|||
|0200|6604|DISCO IRWIN CORTE DIAMANTADO SEGMENTADO 110MM|7897095035580||UN|00|68042111||68|||
|0200|6630|FITA DUPLA FACE 3M 19MMX5MTS|7891040224746||UN|00|39191010||39||18,00|
|0200|664|NIPLE PVC 10CM ROSCA 3/4|||UN|00|39174090||39|||
|0200|6713|PARAFUSO PH MAD CAB CH BICROM 6,0 X 100|||UN|00|73181200||73|||
|0200|6724|PARAFUSO AUTO BROCANTE 5,5X7/8|||UN|00|73181400||73|||
|0200|6727|CABO NU COBREADO 16MM2 NBR 5419|||MT|00|74130000||74|||
|0200|673|PINO 3P MACHO 10A 250V BR|||UN|00|85366990||85|||
|0200|678|CONDULETE AL S/ ROSCA S/ PL 1 C 56101/313|7891435029864||UN|00|76169900||76|||
|0200|679|CONDULETE AL S/ ROSCA S/ PL 1 T 56106/313|7891435030013||UN|00|76169900||76||18,00|
|0200|682|PLACA P/CONDULETE AL 1` CE 56114/007|7891435035278||UN|00|39259090||39|||
|0200|687|#TUBO PADRAO 102MM 4,5M PA2|||UN|00|73030000||73||18,00|
|0200|692|PLACA P/CONDULETE AL 1/2 - 3/4 CEGA 56114/006|7891435002638||UN|00|39259090||39|||
|0200|6990|SPOT INJET 8267/1 1XE27 BR|7899772725999||UN|00|94059900||94|||
|0200|70|BUCHA PVC RED. ROSCA   2X3/4|||UN|00|39174090||39|||
|0200|7038|SPOT LED BR QUAD DIR EMB 5W 4000K|7898600536745||UN|00|85369090||85|||
|0200|705|TERMINAL TUBULAR CURTO  4MM LR/AM/CZ|||UN|00|85369090||85|||
|0200|706|TERMINAL TUBULAR CURTO  2,5MM AZ|||UN|00|85369090||85|||
|0200|7061|LAMPADA LED 4000K 15W BIV E27|7897079087598||UN|00|85408990||85|||
|0200|707|TERMINAL TUBULAR CURTO  1,5MM PT|||UN|00|85369090||85|||
|0200|7084|DISJUNTOR SOP PAD CEMIG DIN C 3X63A|||UN|00|85362000||85|||
|0200|7121|TERMOSTATO 50A120G 30A BIV|||UN|00|90321010||90|||
|0200|7133|LAMPADA LED AR70 3000K 7W BIV GU10|7898600534055||UN|00|85392990||85|||
|0200|7149|ABRACADEIRA TRAM PLASTIB BR 3/4 57255/008|||UN|00|39172200||39||18,00|
|0200|7158|CONDULETE TRAM PLASTIB BR X 1/2A1POL 57304|7891435923155||UN|00|39174090||39|||
|0200|7159|ADAPTADOR TRAM PLASTIB BR  1/2 57251/017|||UN|00|39174090||39|||
|0200|7164|PLACA LIZ GRAF 4X2 3S 57106/048|7891435946369||UN|00|39259090||39|||
|0200|7168|TOMADA LIZ MODULO GRAF 3PB 10A 57215030|7891435064148||UN|00|85366910||85|||
|0200|7171|MODULO LIZ GRAF CEGO|7891435056198||UN|00|85365090||85|||
|0200|7173|TOMADA LIZ MODULO GRAF RJ11 57215051|7891435056112||UN|00|85365090||85|||
|0200|7174|TOMADA LIZ MODULO GRAF RJ45 57215056|7891435056969||UN|00|85365090||85|||
|0200|7177|FITA LED P/PERFIL 4000K 50W 12V C/5M IP20|7899517475653||UN|00|94059900||94|||
|0200|7187|Z TOMADA STECK SOB 4P + T 125A A IP67 380/440|||UN|00|85366910||85|||
|0200|721|BUCHA PVC RED. ROSCA 5X2|||UN|00|39174090||39|||
|0200|7212|PICARETA PONAT E PA C/ CABO|||UN|00|82013000||82|||
|0200|7241|TRILHO ELETRIF 1M BRANCO|7899710014635||UN|00|76169900||76|||
|0200|7250|LUVA TRAM PLASTIB BR  1/2|||UN|00|39174090||39|||
|0200|7262|PENDENTE SPOTLINE CENTURY DOU POL 6XE27 733/6|||UN|00|94059900||94|||
|0200|7291|PENDENTE N.LINE VICTORIA RED 40CM 3XE27 BR/DO|||UN|00|94059900||94|||
|0200|73|BROCA IRWIN ACO RAP 4MM (5/32) IW1114|||UN|00|82075011||82|||
|0200|7349|QUADRO DIST WEG PVC SOB. 12CH QDW02-12-BS|7894171983377||UN|00|85381000||85||18,00|
|0200|7355|TORRE PIX 3 TOMADAS 16A 60MM 3500W BIV|7899517429687||UN|00|85369090||85|||
|0200|7364|LAMPADA LED DIC 4000K 4A6W GU10 BIV|7899517474571||UN|00|85408990||85|||
|0200|737|*QUADRO DIST TIGRE NOVO PVC EMB.  3CH/4CH BR|7899052576457||UN|00|85381000||85|||
|0200|7375|CAIXA PVC METASUL AM 4X2|||UN|00|39259090||39|||
|0200|738|*QUADRO DIST TIGRE NOVO PVC EMB.  6CH/8CH BR|7899052576471||UN|00|85381000||85||18,00|
|0200|739|*QUADRO DIST TIGRE NOVO PVC EMB. 12CH/16CH BR|7899052576495||UN|00|85381000||85||18,00|
|0200|7397|CAIXA PASSAGEM PVC 20X20 EMB. PERLEX|||UN|00|39174090||39|||
|0200|7416|TOMADA DUPLA P/COND. 2P+T 20A BR|||UN|00|85444900||85|||
|0200|742|LUVA KRONA PRESSAO 32MM|7897801310000||UN|00|39174090||39|||
|0200|744|LUVA PLASTIBOX 3/4 57254/002|7891435034493||UN|00|39174090||39|||
|0200|7490|DRIVE P/ LUMINARIA LED 38W-48W BIV|||UN|00|94059900||94|||
|0200|7514|SPIRALDUTO 1/2 PRETO|||UN|00|39269090||39|||
|0200|7617|SPOT LED BR 6500K BIV P/ TRILHO ELET|||UN|00|94059900||94|||
|0200|7641|@ LUMINARIA PLAFON EMBUTIR 40X40|||UN|00|00000000||00|||
|0200|7642|@ JOELHO 90 ESG 100MM KRONA|||UN|00|00000000||00|||
|0200|7655|FONTE 12V 10A COLMEIA|||UN|00|85044029||85||18,00|
|0200|7725|PENDENTE E-LED ARAME DIAMANTE DOUR 1XE27 104|||UN|00|85366990||85|||
|0200|7744|LAMPADA LED OSRAM 6500K 9W BIV|||UN|00|85408990||85|||
|0200|7749|LUMINARIA LED OSRAM 6000K QUAD EMB 24W|||UN|00|94059900||94|||
|0200|777|*CAIXA PISO CONCRETO 25X25|||UN|00|68109100||68||18,00|
|0200|7786|TOMADA DUPLA P/COND. 2P+T 10A S/PL|||UN|00|85444900||85|||
|0200|78|*LUVA PVC ROSCA   3/4|||UN|00|39173229||39||18,00|
|0200|7813|LUMINARIA LED OSRAM 6000K QUAD EMB 18/20W|||UN|00|94059900||94|||
|0200|7850|Z MADEIRITE PLASTIF EXP 20MM 122X244CM PT|||UN|00|44101992||44||18,00|
|0200|7851|Z ALAVANCA LISA RED 1X1,5M|||UN|00|39191020||39|||
|0200|7854|Z CONE EMBOR 70CM LR/BR|||UN|00|39269090||39||18,00|
|0200|7884|Z ISOLADOR SIMP 1 DESC 1.1/2 GF MON-0339|||UN|00|85469000||85|||
|0200|7885|Z ISOLADOR SIMP 1 DESC 2 GF MON-0341|||UN|00|85469000||85|||
|0200|7886|Z  ISOLADOR REF 1 DESC 1.1/2 GF MON-0340|||UN|00|85469000||85|||
|0200|7887|Z ISOLADOR REF 1 DESC 2 GF MON-0342|||UN|00|85469000||85|||
|0200|7888|Z MASTRO TELESC 6M 1.1/2+2 RD 3/4 MON-0187|||UN|00|85469000||85|||
|0200|79|LUVA PVC ROSCA   1|||UN|00|39174090||39|||
|0200|791|CAIXA PLAST P/ BOTAO 1 FURO 22MM SOBREPOR|||UN|00|85365090||85|||
|0200|7912|Z FIXADOR AUTO-ADESIVO FRONTEC|||UN|00|39269090||39|||
|0200|80|*LUVA PVC ROSCA 11/4|||UN|00|39173229||39||18,00|
|0200|802|CONECTOR LATAO PARAF. FENDIDO 50MM2|||UN|00|85472090||85|||
|0200|803|CONDULETE AL S/ ROSCA S/ PL 3/4 C|7891435029857||UN|00|76169900||76|||
|0200|804|CONDULETE AL S/ ROSCA S/ PL 3/4 E|7891435029888||UN|00|76169900||76|||
|0200|805|CONDULETE AL S/ ROSCA S/ PL 3/4 LL 56104/312|7891435029949||UN|00|76169900||76||18,00|
|0200|806|CONDULETE AL S/ ROSCA S/ PL 3/4 LR|7891435029970||UN|00|76169900||76||18,00|
|0200|81|LUVA PVC ROSCA 11/2|||UN|00|39174090||39|||
|0200|816|BOTAO SOCO VM 1NF 35/40MM C/ TRAVA|7892327535692||UN|00|85365090||85|||
|0200|817|CAIXA TELEFONE 60X60 EMB.|||UN|00|73269090||73||18,00|
|0200|82|LUVA PVC ROSCA 2|||UN|00|39174090||39|||
|0200|825|TAMPAO CEMIG ZB GAR 57X49CM|||UN|00|73269090||73||18,00|
|0200|833|TRILHO DIN FIXACAO 35MM|||MT|00|76169900||76||18,00|
|0200|843|CONDUITE SEAL TUBO GALV. 3/4|||MT|00|72103090||72|||
|0200|844|*PLACA ADESIVA IDENT. 110V|7898016501856||UN|00|49089000||49||18,00|
|0200|845|PLACA ADESIVA IDENT. 220V|7898016500682||UN|00|49089000||49||18,00|
|0200|85|CURVA PVC 90 ROSCA   3/4|||UN|00|39172300||39|||
|0200|86|CURVA PVC 90 ROSCA  1|||UN|00|39174090||39|||
|0200|863|*ABRACADEIRA GALV 102MM REF.|||UN|00|73269090||73||18,00|
|0200|87|CURVA PVC 90 ROSCA 11/4|||UN|00|39174090||39|||
|0200|88|CURVA PVC 90 ROSCA 11/2|||UN|00|39174090||39|||
|0200|885|CONDULETE AL S/ ROSCA S/ PL 1 LR 56105/313|||UN|00|76169900||76||18,00|
|0200|886|CONDULETE AL S/ ROSCA S/ PL 1 LL 56104/313|7891435029956||UN|00|76169900||76||18,00|
|0200|89|CURVA PVC 90 ROSCA 2|||UN|00|39174090||39|||
|0200|9|CABECOTE AL  11/4|||UN|00|76169900||76||18,00|
|0200|91|CURVA PVC TIPO S ROSCA   3/4|||UN|00|39174090||39|||
|0200|912|COLA ARALDITE HOBBY 16GR 10MIN|7898472261776||UN|00|35061090||35||18,00|
|0200|915|PLAFON INTELIG E-27 SOQ PORC BR RED 100W|7898587732956||UN|00|94059900||94|||
|0200|92|CURVA PVC TIPO S ROSCA  1|||UN|00|39174090||39|||
|0200|936|PINO IND 3P+T 32A 9H AZ 4279 220V|7892327518220||UN|00|85366990||85|||
|0200|94|CURVA PVC TIPO S ROSCA 11/2|||UN|00|39174090||39|||
|0200|940|UNIDUT ALUMINIO CONICO 1|||UN|00|76090000||76|||
|0200|941|PLACA P/CONDULETE AL 1/2 - 3/4` 3 SE|7891435031591||UN|00|76169900||76||18,00|
|0200|942|CONDULETE AL S/ ROSCA S/ PL 3/4 T 56106/312|7891435030006||UN|00|76169900||76||18,00|
|0200|943|UNIDUT ALUMINIO CONICO 3/4|||UN|00|76090000||76|||
|0200|95|NIPLE PVC 10CM ROSCA 11/2|||UN|00|39174090||39|||
|0200|963|DISPOSITIVO DR 2X40A 30MA|7892327511917||UN|00|85362000||85|||
|0200|97|*BUCHA PVC RED. ROSCA  2X1|||UN|00|39173229||39|||
|0200|98|BUCHA PVC RED. ROSCA  2X11/4|||UN|00|39174090||39|||
|0200|99|BUCHA PVC RED. ROSCA 2X11/2|||UN|00|39174090||39|||
|0450|000001|NAO ACEITAMOS TROCA/DEVOLUCAO DE PROD. CORTADOS SOB MEDIDA,F|
|0450|000002|NAO NOS RESPONSABILIZAMOS POR INSTALACOES ELETRICA|
|0450|000003|S FEITAS POR PESSOAS NAO HABILITADAS, NAO ACEITAMO|
|0450|000004|S TROCA OU DEVOLUCAO DE RETALHOS DE FIOS, CABOS, M|
|0450|000005|ANGUEIRAS, MERCADORIAS VENDIDAS SOB MEDIDA.|
|0450|000006|JOAO PEDRO (31) 99803-2264|
|0450|000007|PRAZO A COMBINAR|
|0450|000008|COBRIMOS OFERTA (CONSULTE O REGULAMENTO)|
|0450|000009|Recebi a mercadoria e reconheco a divida:|
|0450|000010|PEDIDO: 35253|
|0450|000011|LEANDRO MARTINS (31) 985782920|
|0450|000012|COBRIMOS OFERTA CONSULTE O REGULAMENTO|
|0450|000013|MARLON (31) 99531-1483|
|0450|000014|Recebi a mercadoria e reconheco a divida: ORDEM DE COMPRA 112207|
|0450|000015|Recebi a mercadoria e reconheco a divida: ORDEM DE COMPRA 32465|
|0450|000016|Pasrto IvanildoJOao gandra|
|0450|000017|Recebi a mercadoria e reconheco a divida: ORDEM DE COMPRA 100654 ORDEM DE COMPRA 100684|
|0450|000018|Numero do Pedido:4501075140|
|0450|000019|ORDEM DE COMPRA 031000/1|
|0450|000020|JOSUE|
|0450|000021|SILVIO (31) 99631074|
|0450|000022|COBRIMOS OFERTA, CONSULTE O REGULAMENTO|
|0450|000023|ANIELLE (MED CENTER) (31) 987204513|
|0450|000024|GABRIEL LAVAJATO|
|0450|000025|CIDA BUENO 31 993440318|
|0450|000026|A VISTA|
|0450|000027|VANDINHO|
|0450|000028|MAURO|
|0450|000029|OBRA ABSOLUTE|
|0450|000030|Oc: 0722-000481|
|0450|000031|Pedido 36030|
|0450|000032|orbanka@nfe.omie.com.br|
|0450|000033|oc:202220172|
|0450|000034|AUTORIZACAO DE FORNECIMENTO N° 002061/2022|
|0450|000035|ALFREDO|
|0450|000036|ARI TRINDADE|
|0450|000037|OBRA BOMBEIRO SGRA|
|0450|000038|ANA LUCIA (31) 99504-5470|
|0990|588|
|A001|1|
|A990|2|
|C001|0|
|C010|41132335000221|2|
|C100|1|0||65|00|001|4324|31220741132335000221650010000043241751652644|01072022|01072022|844,52|0|0,00||844,52|9|0,00|0,00|0,00|0,00|0,00||||5,50|25,32|0,00|0,00|
|C110|000001||
|C110|000002||
|C110|000003||
|C110|000004||
|C110|000005||
|C175|5405|844,52|0,00|01|844,52|0,6500|||5,50|01|844,52|3,0000|||25,32|||
|C100|1|0||65|00|001|4393|31220741132335000221650010000043931151542713|01072022|01072022|149,25|0|0,00||149,25|9|0,00|0,00|0,00|0,00|0,00||||0,97|4,48|0,00|0,00|
|C110|000001||
|C110|000002||
|C110|000003||
|C110|000004||
|C110|000005||
|C175|5405|149,25|0,00|01|149,25|0,6500|||0,97|01|149,25|3,0000|||4,48|||
|C100|1|0||65|00|001|4394|31220741132335000221650010000043941171830975|01072022|01072022|48,25|0|0,00||48,25|9|0,00|0,00|0,00|0,00|0,00||||0,31|1,45|0,00|0,00|
|C110|000001||
|C110|000002||
|C110|000003||
|C110|000004||
|C110|000005||
|C175|5405|48,25|0,00|01|48,25|0,6500|||0,31|01|48,25|3,0000|||1,45|||
|C100|1|0||65|00|001|4395|31220741132335000221650010000043951192119232|01072022|01072022|19,15|0|0,00||19,15|9|0,00|0,00|0,00|0,00|0,00||||0,13|0,57|0,00|0,00|
|C110|000001||
|C110|000002||
|C110|000003||
|C110|000004||
|C110|000005||
|C175|5405|19,15|0,00|01|19,15|0,6500|||0,13|01|19,15|3,0000|||0,57|||
|C100|1|0||65|00|001|4396|31220741132335000221650010000043961212407502|01072022|01072022|707,07|0|0,00||707,07|9|0,00|0,00|0,00|362,85|65,31||||4,59|21,22|0,00|0,00|
|C110|000001||
|C110|000002||
|C110|000003||
|C110|000004||
|C110|000005||
|C175|5102|362,85|0,00|01|362,85|0,6500|||2,35|01|362,85|3,0000|||10,89|||
|C175|5405|344,22|0,00|01|344,22|0,6500|||2,24|01|344,22|3,0000|||10,33|||
|C100|1|0|3924|55|00|1|1318|31220741132335000221550010000013181355988735|01072022|01072022|14889,08|0|0,00||14889,08|1|0,00|0,00|0,00|10432,06|1877,77|0,00|0,00|0,00|96,75|446,56|0,00|0,00|
|C110|000001||
|C110|000002||
|C110|000003||
|C110|000004||
|C110|000005||
|C170|1|6077||10,00000|UN|837,10|0,00|0|060|5405||0,00|0,00|0,00|0,00|0,00|0,00|0|||0,00|0,00|0,00|01|837,10|0,6500|||5,44|01|837,10|3,0000|||25,10||
|C170|2|7851||2,00000|UN|343,22|0,00|0|060|5405||0,00|0,00|0,00|0,00|0,00|0,00|0|||0,00|0,00|0,00|01|343,22|0,6500|||2,23|01|343,22|3,0000|||10,29||
|C170|3|7854||15,00000|UN|1981,35|0,00|0|000|5102||1981,35|18,00|356,64|0,00|0,00|0,00|0|||0,00|0,00|0,00|01|1981,35|0,6500|||12,87|01|1981,35|3,0000|||59,43||
|C170|4|2498||10,00000|UN|1265,00|0,00|0|060|5405||0,00|0,00|0,00|0,00|0,00|0,00|0|||0,00|0,00|0,00|01|1265,00|0,6500|||8,22|01|1265,00|3,0000|||37,94||
|C170|5|6630||12,00000|UN|764,40|0,00|0|000|5102||764,40|18,00|137,59|0,00|0,00|0,00|0|||0,00|0,00|0,00|01|764,40|0,6500|||4,97|01|764,40|3,0000|||22,92||
|C170|6|5305||9,00000|UN|590,31|0,00|0|000|5102||590,31|18,00|106,26|0,00|0,00|0,00|0|||0,00|0,00|0,00|01|590,31|0,6500|||3,84|01|590,31|3,0000|||17,70||
|C170|7|7212||2,00000|UN|268,46|0,00|0|060|5405||0,00|0,00|0,00|0,00|0,00|0,00|0|||0,00|0,00|0,00|01|268,46|0,6500|||1,74|01|268,46|3,0000|||8,04||
|C170|8|2756||20,00000|UN|5300,00|0,00|0|000|5102||5300,00|18,00|954,00|0,00|0,00|0,00|0|||0,00|0,00|0,00|01|5300,00|0,6500|||34,44|01|5300,00|3,0000|||158,99||
|C170|9|3752||20,00000|UN|1398,00|0,00|0|060|5405||0,00|0,00|0,00|0,00|0,00|0,00|0|||0,00|0,00|0,00|01|1398,00|0,6500|||9,09|01|1398,00|3,0000|||41,93||
|C170|10|193||40,00000|UN|1796,00|0,00|0|000|5102||1796,00|18,00|323,28|0,00|0,00|0,00|0|||0,00|0,00|0,00|01|1796,00|0,6500|||11,67|01|1796,00|3,0000|||53,87||
|C170|11|5307||9,00000|UN|345,24|0,00|0|060|5405||0,00|0,00|0,00|0,00|0,00|0,00|0|||0,00|0,00|0,00|01|345,24|0,6500|||2,24|01|345,24|3,0000|||10,35||
|C100|1|0|3922|55|00|1|1319|31220741132335000221550010000013191335700474|01072022|01072022|829,50|0|0,00||829,50|1|0,00|0,00|0,00|32,23|5,80|0,00|0,00|0,00|5,39|24,81|0,00|0,00|
|C110|000006||
|C110|000007||
|C110|000008||
|C110|000001||
|C110|000002||
|C110|000003||
|C110|000004||
|C110|000005||
|C170|1|7241||2,00000|UN|95,32|0,00|0|060|5405||0,00|0,00|0,00|0,00|0,00|0,00|0|||0,00|0,00|0,00|01|95,32|0,6500|||0,62|01|95,32|3,0000|||2,85||
|C170|2|7177||1,00000|UN|123,57|0,00|0|060|5405||0,00|0,00|0,00|0,00|0,00|0,00|0|||0,00|0,00|0,00|01|123,57|0,6500|||0,80|01|123,57|3,0000|||3,70||
|C170|3|3157||4,00000|UN|79,48|0,00|0|060|5405||0,00|0,00|0,00|0,00|0,00|0,00|0|||0,00|0,00|0,00|01|79,48|0,6500|||0,52|01|79,48|3,0000|||2,37||
|C170|4|7617||6,00000|UN|317,46|0,00|0|060|5405||0,00|0,00|0,00|0,00|0,00|0,00|0|||0,00|0,00|0,00|01|317,46|0,6500|||2,06|01|317,46|3,0000|||9,51||
|C170|5|5337||1,00000|UN|32,23|0,00|0|000|5102||32,23|18,00|5,80|0,00|0,00|0,00|0|||0,00|0,00|0,00|01|32,23|0,6500|||0,21|01|32,23|3,0000|||0,96||
|C170|6|3987||2,00000|UN|66,40|0,00|0|060|5405||0,00|0,00|0,00|0,00|0,00|0,00|0|||0,00|0,00|0,00|01|66,40|0,6500|||0,43|01|66,40|3,0000|||1,98||
|C170|7|5628||4,00000|UN|115,04|0,00|0|060|5405||0,00|0,00|0,00|0,00|0,00|0,00|0|||0,00|0,00|0,00|01|115,04|0,6500|||0,75|01|115,04|3,0000|||3,44||
|C100|1|0||65|00|001|4397|31220741132335000221650010000043971232695764|01072022|01072022|48,70|0|0,00||48,70|9|0,00|0,00|0,00|48,70|8,77||||0,32|1,46|0,00|0,00|
|C110|000001||
|C110|000002||
|C110|000003||
|C110|000004||
|C110|000005||
|C175|5102|48,70|0,00|01|48,70|0,6500|||0,32|01|48,70|3,0000|||1,46|||
|C100|1|0||65|00|001|4398|31220741132335000221650010000043981252984025|01072022|01072022|153,57|0|0,00||153,57|9|0,00|0,00|0,00|0,00|0,00||||1,00|4,61|0,00|0,00|
|C110|000001||
|C110|000002||
|C110|000003||
|C110|000004||
|C110|000005||
|C175|5405|153,57|0,00|01|153,57|0,6500|||1,00|01|153,57|3,0000|||4,61|||
|C100|1|0||65|00|001|4399|31220741132335000221650010000043991273272285|01072022|01072022|119,20|0|0,00||119,20|9|0,00|0,00|0,00|0,00|0,00||||0,77|3,57|0,00|0,00|
|C110|000001||
|C110|000002||
|C110|000003||
|C110|000004||
|C110|000005||
|C175|5405|119,20|0,00|01|119,20|0,6500|||0,77|01|119,20|3,0000|||3,57|||
|C100|1|0|3594|55|00|1|1320|31220741132335000221550010000013201701438856|01072022|01072022|1952,50|1|0,05||1952,50|1|0,00|0,00|0,00|60,00|10,80|0,00|0,00|0,00|12,69|58,56|0,00|0,00|
|C110|000009||
|C110|000010||
|C110|000001||
|C110|000002||
|C110|000003||
|C110|000004||
|C110|000005||
|C170|1|4876||50,00000|MT|1892,50|0,05|0|060|5405||0,00|0,00|0,00|0,00|0,00|0,00|0|||0,00|0,00|0,00|01|1892,50|0,6500|||12,30|01|1892,50|3,0000|||56,77||
|C170|2|6567||4,00000|UN|60,00|0,00|0|000|5102||60,00|18,00|10,80|0,00|0,00|0,00|0|||0,00|0,00|0,00|01|60,00|0,6500|||0,39|01|60,00|3,0000|||1,79||
|C100|1|0|3237|55|00|1|1322|31220741132335000221550010000013221499105914|01072022|01072022|147,62|0|0,00||147,62|1|0,00|0,00|0,00|147,62|26,57|0,00|0,00|0,00|0,96|4,42|0,00|0,00|
|C110|000001||
|C170|1|739||2,00000|UN|147,62|0,00|0|000|5102||147,62|18,00|26,57|0,00|0,00|0,00|0|||0,00|0,00|0,00|01|147,62|0,6500|||0,96|01|147,62|3,0000|||4,42||
|C100|1|0|3925|55|00|1|1323|31220741132335000221550010000013231477718309|01072022|01072022|57,15|1|0,00||57,15|1|25,90|0,00|0,00|0,00|0,00|0,00|0,00|0,00|0,37|1,70|0,00|0,00|
|C110|000001||
|C110|000002||
|C110|000003||
|C110|000004||
|C110|000005||
|C170|1|5661||5,00000|UN|57,15|0,00|0|060|6403||0,00|0,00|0,00|0,00|0,00|0,00|0|||0,00|0,00|0,00|01|57,15|0,6500|||0,37|01|57,15|3,0000|||1,70||
|C100|1|0|3926|55|00|1|1324|31220741132335000221550010000013241518294823|01072022|01072022|66,34|1|0,00||66,34|1|30,90|0,00|0,00|97,24|11,67|0,00|0,00|0,00|0,43|1,98|0,00|0,00|
|C110|000001||
|C110|000002||
|C110|000003||
|C110|000004||
|C110|000005||
|C170|1|737||1,00000|UN|66,34|0,00|0|000|6102||66,34|12,00|7,96|0,00|0,00|0,00|0|||0,00|0,00|0,00|01|66,34|0,6500|||0,43|01|66,34|3,0000|||1,98||
|C100|1|0||65|00|001|4400|31220741132335000221650010000044001293560548|02072022|02072022|163,80|0|0,00||163,80|9|0,00|0,00|0,00|0,00|0,00||||1,06|4,92|0,00|0,00|
|C110|000001||
|C110|000002||
|C110|000003||
|C110|000004||
|C110|000005||
|C175|5405|163,80|0,00|01|163,80|0,6500|||1,06|01|163,80|3,0000|||4,92|||
|C100|1|0||65|00|001|4401|31220741132335000221650010000044011313848808|02072022|02072022|109,09|0|0,00||109,09|9|0,00|0,00|0,00|0,00|0,00||||0,71|3,27|0,00|0,00|
|C110|000001||
|C110|000002||
|C110|000003||
|C110|000004||
|C110|000005||
|C175|5405|109,09|0,00|01|109,09|0,6500|||0,71|01|109,09|3,0000|||3,27|||
|C100|1|0||65|00|001|4402|31220741132335000221650010000044021334137070|02072022|02072022|117,00|0|0,00||117,00|9|0,00|0,00|0,00|0,00|0,00||||0,76|3,52|0,00|0,00|
|C110|000001||
|C110|000002||
|C110|000003||
|C110|000004||
|C110|000005||
|C175|5405|117,00|0,00|01|117,00|0,6500|||0,76|01|117,00|3,0000|||3,52|||
|C100|1|0||65|00|001|4403|31220741132335000221650010000044031354425337|02072022|02072022|100,65|0|0,00||100,65|9|0,00|0,00|0,00|0,00|0,00||||0,66|3,02|0,00|0,00|
|C110|000001||
|C110|000002||
|C110|000003||
|C110|000004||
|C110|000005||
|C175|5405|100,65|0,00|01|100,65|0,6500|||0,66|01|100,65|3,0000|||3,02|||
|C100|1|0||65|00|001|4404|31220741132335000221650010000044041374713599|02072022|02072022|47,53|0|0,00||47,53|9|0,00|0,00|0,00|0,00|0,00||||0,31|1,42|0,00|0,00|
|C110|000001||
|C110|000002||
|C110|000003||
|C110|000004||
|C110|000005||
|C175|5405|47,53|0,00|01|47,53|0,6500|||0,31|01|47,53|3,0000|||1,42|||
|C100|1|0||65|00|001|4405|31220741132335000221650010000044051395001854|02072022|02072022|50,94|0|0,00||50,94|9|0,00|0,00|0,00|0,00|0,00||||0,34|1,52|0,00|0,00|
|C110|000001||
|C110|000002||
|C110|000003||
|C110|000004||
|C110|000005||
|C175|5405|50,94|0,00|01|50,94|0,6500|||0,34|01|50,94|3,0000|||1,52|||
|C100|1|0||65|00|001|4406|31220741132335000221650010000044061415290110|02072022|02072022|90,22|0|0,00||90,22|9|0,00|0,00|0,00|0,00|0,00||||0,59|2,70|0,00|0,00|
|C110|000001||
|C110|000002||
|C110|000003||
|C110|000004||
|C110|000005||
|C175|5405|90,22|0,00|01|90,22|0,6500|||0,59|01|90,22|3,0000|||2,70|||
|C100|1|0||65|00|001|4407|31220741132335000221650010000044071435578370|02072022|02072022|272,28|0|0,00||272,28|9|0,00|0,00|0,00|0,00|0,00||||1,77|8,17|0,00|0,00|
|C110|000001||
|C110|000002||
|C110|000003||
|C110|000004||
|C110|000005||
|C175|5405|272,28|0,00|01|272,28|0,6500|||1,77|01|272,28|3,0000|||8,17|||
|C100|1|0|3868|55|00|1|1325|31220741132335000221550010000013251361863900|02072022|02072022|311,82|1|0,00||311,82|1|0,00|0,00|0,00|0,00|0,00|0,00|0,00|0,00|2,02|9,34|0,00|0,00|
|C110|000001||
|C110|000002||
|C110|000003||
|C110|000004||
|C110|000005||
|C170|1|3490||1,00000|RL|155,91|0,00|0|060|5405||0,00|0,00|0,00|0,00|0,00|0,00|0|||0,00|0,00|0,00|01|155,91|0,6500|||1,01|01|155,91|3,0000|||4,67||
|C170|2|3494||1,00000|RL|155,91|0,00|0|060|5405||0,00|0,00|0,00|0,00|0,00|0,00|0|||0,00|0,00|0,00|01|155,91|0,6500|||1,01|01|155,91|3,0000|||4,67||
|C100|1|0||65|00|001|4408|31220741132335000221650010000044081455866645|02072022|02072022|451,17|0|0,00||451,17|9|0,00|0,00|0,00|0,00|0,00||||2,94|13,54|0,00|0,00|
|C110|000001||
|C110|000002||
|C110|000003||
|C110|000004||
|C110|000005||
|C175|5405|451,17|0,00|01|451,17|0,6500|||2,94|01|451,17|3,0000|||13,54|||
|C100|1|0||65|00|001|4409|31220741132335000221650010000044091476154900|02072022|02072022|149,10|0|0,00||149,10|9|0,00|0,00|0,00|0,00|0,00||||0,97|4,47|0,00|0,00|
|C110|000001||
|C110|000002||
|C110|000003||
|C110|000004||
|C110|000005||
|C175|5405|149,10|0,00|01|149,10|0,6500|||0,97|01|149,10|3,0000|||4,47|||
|C100|1|0|3914|55|00|1|1326|31220741132335000221550010000013261315412214|02072022|02072022|20,00|0|0,00||20,00|1|0,00|0,00|0,00|0,00|0,00|0,00|0,00|0,00|0,13|0,58|0,00|0,00|
|C110|000001||
|C110|000002||
|C110|000003||
|C110|000004||
|C110|000005||
|C170|1|3902||1,00000|UN|14,85|0,00|0|060|5405||0,00|0,00|0,00|0,00|0,00|0,00|0|||0,00|0,00|0,00|01|14,85|0,6500|||0,10|01|14,85|3,0000|||0,44||
|C170|2|3889||1,00000|UN|5,15|0,00|0|060|5405||0,00|0,00|0,00|0,00|0,00|0,00|0|||0,00|0,00|0,00|01|5,15|0,6500|||0,03|01|5,15|3,0000|||0,14||
|C100|1|0|3759|55|00|1|1327|31220741132335000221550010000013271191019890|02072022|02072022|224,50|1|24,95||224,50|1|0,00|0,00|0,00|0,00|0,00|0,00|0,00|0,00|1,46|6,73|0,00|0,00|
|C110|000001||
|C110|000002||
|C110|000003||
|C110|000004||
|C110|000005||
|C170|1|3717||3,00000|UN|224,50|24,95|0|060|5405||0,00|0,00|0,00|0,00|0,00|0,00|0|||0,00|0,00|0,00|01|224,50|0,6500|||1,46|01|224,50|3,0000|||6,73||
|C100|1|0||65|00|001|4410|31220741132335000221650010000044101496443160|02072022|02072022|2189,43|0|0,00||2189,43|9|0,00|0,00|0,00|0,00|0,00||||14,23|65,69|0,00|0,00|
|C110|000001||
|C110|000002||
|C110|000003||
|C110|000004||
|C110|000005||
|C175|5405|2189,43|0,00|01|2189,43|0,6500|||14,23|01|2189,43|3,0000|||65,69|||
|C100|1|0||65|00|001|4411|31220741132335000221650010000044111516731421|02072022|02072022|199,90|0|0,00||199,90|9|0,00|0,00|0,00|0,00|0,00||||1,30|6,00|0,00|0,00|
|C110|000001||
|C110|000002||
|C110|000003||
|C110|000004||
|C110|000005||
|C175|5405|199,90|0,00|01|199,90|0,6500|||1,30|01|199,90|3,0000|||6,00|||
|C100|1|0||65|00|001|4412|31220741132335000221650010000044121537019680|02072022|02072022|467,82|0|0,00||467,82|9|0,00|0,00|0,00|0,00|0,00||||3,03|14,05|0,00|0,00|
|C110|000001||
|C110|000002||
|C110|000003||
|C110|000004||
|C110|000005||
|C175|5405|467,82|0,00|01|467,82|0,6500|||3,03|01|467,82|3,0000|||14,05|||
|C100|1|0||65|00|001|4413|31220741132335000221650010000044131557307947|02072022|02072022|311,82|0|0,00||311,82|9|0,00|0,00|0,00|0,00|0,00||||2,02|9,36|0,00|0,00|
|C110|000001||
|C110|000002||
|C110|000003||
|C110|000004||
|C110|000005||
|C175|5405|311,82|0,00|01|311,82|0,6500|||2,02|01|311,82|3,0000|||9,36|||
|C100|1|0||65|00|001|4414|31220741132335000221650010000044141577596216|02072022|02072022|155,91|0|0,00||155,91|9|0,00|0,00|0,00|0,00|0,00||||1,01|4,68|0,00|0,00|
|C110|000001||
|C110|000002||
|C110|000003||
|C110|000004||
|C110|000005||
|C175|5405|155,91|0,00|01|155,91|0,6500|||1,01|01|155,91|3,0000|||4,68|||
|C100|1|0||65|00|001|4415|31220741132335000221650010000044151597884478|04072022|04072022|140,33|0|0,00||140,33|9|0,00|0,00|0,00|10,95|1,97||||0,91|4,21|0,00|0,00|
|C110|000001||
|C110|000002||
|C110|000003||
|C110|000004||
|C110|000005||
|C175|5102|10,95|0,00|01|10,95|0,6500|||0,07|01|10,95|3,0000|||0,33|||
|C175|5405|129,38|0,00|01|129,38|0,6500|||0,84|01|129,38|3,0000|||3,88|||
|C100|1|0||65|00|001|4416|31220741132335000221650010000044161618172738|04072022|04072022|337,02|0|0,00||337,02|9|0,00|0,00|0,00|0,00|0,00||||2,18|10,12|0,00|0,00|
|C110|000001||
|C110|000002||
|C110|000003||
|C110|000004||
|C110|000005||
|C175|5405|337,02|0,00|01|337,02|0,6500|||2,18|01|337,02|3,0000|||10,12|||
|C100|1|0||65|00|001|4417|31220741132335000221650010000044171638460990|04072022|04072022|13,40|0|0,00||13,40|9|0,00|0,00|0,00|0,00|0,00||||0,08|0,40|0,00|0,00|
|C110|000001||
|C110|000002||
|C110|000003||
|C110|000004||
|C110|000005||
|C175|5405|13,40|0,00|01|13,40|0,6500|||0,08|01|13,40|3,0000|||0,40|||
|C100|1|0||65|00|001|4418|31220741132335000221650010000044181658749259|04072022|04072022|77,00|0|0,00||77,00|9|0,00|0,00|0,00|0,00|0,00||||0,50|2,31|0,00|0,00|
|C110|000001||
|C110|000002||
|C110|000003||
|C110|000004||
|C110|000005||
|C175|5405|77,00|0,00|01|77,00|0,6500|||0,50|01|77,00|3,0000|||2,31|||
|C100|1|0||65|00|001|4419|31220741132335000221650010000044191679037514|04072022|04072022|146,01|1|0,00||146,01|9|0,00|0,00|0,00|0,00|0,00||||0,96|4,38|0,00|0,00|
|C110|000001||
|C110|000002||
|C110|000003||
|C110|000004||
|C110|000005||
|C175|5405|146,01|0,00|01|146,01|0,6500|||0,96|01|146,01|3,0000|||4,38|||
|C100|1|0||65|00|001|4420|31220741132335000221650010000044201699325770|04072022|04072022|9,36|0|0,00||9,36|9|0,00|0,00|0,00|0,00|0,00||||0,06|0,28|0,00|0,00|
|C110|000001||
|C110|000002||
|C110|000003||
|C110|000004||
|C110|000005||
|C175|5405|9,36|0,00|01|9,36|0,6500|||0,06|01|9,36|3,0000|||0,28|||
|C100|1|0||65|00|001|4421|31220741132335000221650010000044211719614043|04072022|04072022|74,50|0|0,00||74,50|9|0,00|0,00|0,00|0,00|0,00||||0,48|2,24|0,00|0,00|
|C110|000001||
|C110|000002||
|C110|000003||
|C110|000004||
|C110|000005||
|C175|5405|74,50|0,00|01|74,50|0,6500|||0,48|01|74,50|3,0000|||2,24|||
|C100|1|0||65|00|001|4422|31220741132335000221650010000044221739902300|04072022|04072022|53,34|0|0,00||53,34|9|0,00|0,00|0,00|14,40|2,59||||0,34|1,60|0,00|0,00|
|C110|000001||
|C110|000002||
|C110|000003||
|C110|000004||
|C110|000005||
|C175|5102|14,40|0,00|01|14,40|0,6500|||0,09|01|14,40|3,0000|||0,43|||
|C175|5405|38,94|0,00|01|38,94|0,6500|||0,25|01|38,94|3,0000|||1,17|||
|C100|1|0||65|00|001|4423|31220741132335000221650010000044231760190567|04072022|04072022|270,04|0|0,00||270,04|9|0,00|0,00|0,00|71,91|12,94||||1,75|8,11|0,00|0,00|
|C110|000001||
|C110|000002||
|C110|000003||
|C110|000004||
|C110|000005||
|C175|5102|184,90|0,00|01|184,90|0,6500|||1,20|01|184,90|3,0000|||5,55|||
|C175|5405|85,14|0,00|01|85,14|0,6500|||0,55|01|85,14|3,0000|||2,56|||
|C100|1|0||65|00|001|4424|31220741132335000221650010000044241780478822|04072022|04072022|38,30|0|0,00||38,30|9|0,00|0,00|0,00|0,00|0,00||||0,24|1,15|0,00|0,00|
|C110|000001||
|C110|000002||
|C110|000003||
|C110|000004||
|C110|000005||
|C175|5405|38,30|0,00|01|38,30|0,6500|||0,24|01|38,30|3,0000|||1,15|||
|C100|1|0||65|00|001|4425|31220741132335000221650010000044251800767082|04072022|04072022|49,55|0|0,00||49,55|9|0,00|0,00|0,00|0,00|0,00||||0,31|1,50|0,00|0,00|
|C110|000001||
|C110|000002||
|C110|000003||
|C110|000004||
|C110|000005||
|C175|5405|49,55|0,00|01|49,55|0,6500|||0,31|01|49,55|3,0000|||1,50|||
|C100|1|0||65|00|001|4426|31220741132335000221650010000044261821055348|04072022|04072022|247,55|0|0,00||247,55|9|0,00|0,00|0,00|0,00|0,00||||1,61|7,43|0,00|0,00|
|C110|000001||
|C110|000002||
|C110|000003||
|C110|000004||
|C110|000005||
|C175|5405|247,55|0,00|01|247,55|0,6500|||1,61|01|247,55|3,0000|||7,43|||
|C100|1|0||65|00|001|4427|31220741132335000221650010000044271841343613|04072022|04072022|878,68|0|0,00||878,68|9|0,00|0,00|0,00|0,00|0,00||||5,70|26,39|0,00|0,00|
|C110|000001||
|C110|000002||
|C110|000003||
|C110|000004||
|C110|000005||
|C175|5405|878,68|0,00|01|878,68|0,6500|||5,70|01|878,68|3,0000|||26,39|||
|C100|1|0||65|00|001|4428|31220741132335000221650010000044281861631875|04072022|04072022|467,73|0|0,00||467,73|9|0,00|0,00|0,00|0,00|0,00||||3,03|14,04|0,00|0,00|
|C110|000001||
|C110|000002||
|C110|000003||
|C110|000004||
|C110|000005||
|C175|5405|467,73|0,00|01|467,73|0,6500|||3,03|01|467,73|3,0000|||14,04|||
|C100|1|0||65|00|001|4429|31220741132335000221650010000044291881920136|04072022|04072022|69,90|0|0,00||69,90|9|0,00|0,00|0,00|0,00|0,00||||0,45|2,10|0,00|0,00|
|C110|000001||
|C110|000002||
|C110|000003||
|C110|000004||
|C110|000005||
|C175|5405|69,90|0,00|01|69,90|0,6500|||0,45|01|69,90|3,0000|||2,10|||
|C100|1|0||65|00|001|4430|31220741132335000221650010000044301902208392|04072022|04072022|43,20|0|0,00||43,20|9|0,00|0,00|0,00|0,00|0,00||||0,28|1,30|0,00|0,00|
|C110|000001||
|C110|000002||
|C110|000003||
|C110|000004||
|C110|000005||
|C175|5405|43,20|0,00|01|43,20|0,6500|||0,28|01|43,20|3,0000|||1,30|||
|C100|1|0||65|00|001|4431|31220741132335000221650010000044311922496650|04072022|04072022|389,70|1|0,00||389,70|9|0,00|0,00|0,00|97,40|17,53||||2,54|11,69|0,00|0,00|
|C110|000001||
|C110|000002||
|C110|000003||
|C110|000004||
|C110|000005||
|C175|5102|97,40|0,00|01|97,40|0,6500|||0,63|01|97,40|3,0000|||2,92|||
|C175|5405|292,30|0,00|01|292,30|0,6500|||1,91|01|292,30|3,0000|||8,77|||
|C100|1|0||65|00|001|4432|31220741132335000221650010000044321942784917|04072022|04072022|44,62|0|0,00||44,62|9|0,00|0,00|0,00|44,62|8,03||||0,29|1,34|0,00|0,00|
|C110|000001||
|C110|000002||
|C110|000003||
|C110|000004||
|C110|000005||
|C175|5102|44,62|0,00|01|44,62|0,6500|||0,29|01|44,62|3,0000|||1,34|||
|C100|1|0||65|00|001|4433|31220741132335000221650010000044331963073189|04072022|04072022|40,60|0|0,00||40,60|9|0,00|0,00|0,00|0,00|0,00||||0,26|1,22|0,00|0,00|
|C110|000001||
|C110|000002||
|C110|000003||
|C110|000004||
|C110|000005||
|C175|5405|40,60|0,00|01|40,60|0,6500|||0,26|01|40,60|3,0000|||1,22|||
|C100|1|0||65|00|001|4434|31220741132335000221650010000044341983361446|04072022|04072022|400,76|1|0,00||400,76|9|0,00|0,00|0,00|0,00|0,00||||2,60|12,02|0,00|0,00|
|C110|000001||
|C110|000002||
|C110|000003||
|C110|000004||
|C110|000005||
|C175|5405|400,76|0,00|01|400,76|0,6500|||2,60|01|400,76|3,0000|||12,02|||
|C100|1|0||65|00|001|4435|31220741132335000221650010000044351003649716|04072022|04072022|43,20|0|0,00||43,20|9|0,00|0,00|0,00|0,00|0,00||||0,28|1,30|0,00|0,00|
|C110|000001||
|C110|000002||
|C110|000003||
|C110|000004||
|C110|000005||
|C175|5405|43,20|0,00|01|43,20|0,6500|||0,28|01|43,20|3,0000|||1,30|||
|C100|1|0||65|00|001|4436|31220741132335000221650010000044361023937978|04072022|04072022|33,50|0|0,00||33,50|9|0,00|0,00|0,00|0,00|0,00||||0,23|1,02|0,00|0,00|
|C110|000001||
|C110|000002||
|C110|000003||
|C110|000004||
|C110|000005||
|C175|5405|33,50|0,00|01|33,50|0,6500|||0,23|01|33,50|3,0000|||1,02|||
|C100|1|0||65|00|001|4437|31220741132335000221650010000044371044226237|04072022|04072022|417,00|0|0,00||417,00|9|0,00|0,00|0,00|0,00|0,00||||2,71|12,51|0,00|0,00|
|C110|000001||
|C110|000002||
|C110|000003||
|C110|000004||
|C110|000005||
|C175|5405|417,00|0,00|01|417,00|0,6500|||2,71|01|417,00|3,0000|||12,51|||
|C100|1|0||65|00|001|4438|31220741132335000221650010000044381064514499|04072022|04072022|85,80|0|0,00||85,80|9|0,00|0,00|0,00|0,00|0,00||||0,56|2,57|0,00|0,00|
|C110|000001||
|C110|000002||
|C110|000003||
|C110|000004||
|C110|000005||
|C175|5405|85,80|0,00|01|85,80|0,6500|||0,56|01|85,80|3,0000|||2,57|||
|C100|1|0||65|00|001|4439|31220741132335000221650010000044391084802764|04072022|04072022|1061,59|0|0,00||1061,59|9|0,00|0,00|0,00|0,00|0,00||||6,90|31,85|0,00|0,00|
|C110|000001||
|C110|000002||
|C110|000003||
|C110|000004||
|C110|000005||
|C175|5405|1061,59|0,00|01|1061,59|0,6500|||6,90|01|1061,59|3,0000|||31,85|||
|C100|1|0||65|00|001|4440|31220741132335000221650010000044401105091021|04072022|04072022|27,83|0|0,00||27,83|9|0,00|0,00|0,00|0,00|0,00||||0,18|0,84|0,00|0,00|
|C110|000001||
|C110|000002||
|C110|000003||
|C110|000004||
|C110|000005||
|C175|5405|27,83|0,00|01|27,83|0,6500|||0,18|01|27,83|3,0000|||0,84|||
|C100|1|0|3868|55|00|1|1330|31220741132335000221550010000013301463305214|04072022|04072022|247,55|1|0,00||247,55|1|0,00|0,00|0,00|0,00|0,00|0,00|0,00|0,00|1,61|7,42|0,00|0,00|
|C110|000001||
|C110|000002||
|C110|000003||
|C110|000004||
|C110|000005||
|C170|1|3496||1,00000|RL|247,55|0,00|0|060|5405||0,00|0,00|0,00|0,00|0,00|0,00|0|||0,00|0,00|0,00|01|247,55|0,6500|||1,61|01|247,55|3,0000|||7,42||
|C100|1|0|3933|55|00|1|1331|31220741132335000221550010000013311802330493|04072022|04072022|378,80|1|0,00||378,80|1|0,00|0,00|0,00|0,00|0,00|0,00|0,00|0,00|2,46|11,33|0,00|0,00|
|C110|000001||
|C110|000002||
|C110|000003||
|C110|000004||
|C110|000005||
|C170|1|3841||2,00000|UN|6,82|0,00|0|060|5405||0,00|0,00|0,00|0,00|0,00|0,00|0|||0,00|0,00|0,00|01|6,82|0,6500|||0,04|01|6,82|3,0000|||0,19||
|C170|2|3874||2,00000|UN|9,20|0,00|0|060|5405||0,00|0,00|0,00|0,00|0,00|0,00|0|||0,00|0,00|0,00|01|9,20|0,6500|||0,06|01|9,20|3,0000|||0,27||
|C170|3|4251||1,00000|UN|362,78|0,00|0|060|5405||0,00|0,00|0,00|0,00|0,00|0,00|0|||0,00|0,00|0,00|01|362,78|0,6500|||2,36|01|362,78|3,0000|||10,87||
|C100|1|0||65|00|001|4441|31220741132335000221650010000044411125379281|04072022|04072022|607,78|1|0,00||607,78|9|0,00|0,00|0,00|0,00|0,00||||3,94|18,24|0,00|0,00|
|C110|000001||
|C110|000002||
|C110|000003||
|C110|000004||
|C110|000005||
|C175|5405|607,78|0,00|01|607,78|0,6500|||3,94|01|607,78|3,0000|||18,24|||
|C100|1|0|3924|55|00|1|1332|31220741132335000221550010000013321640024390|04072022|04072022|14828,75|0|0,00||14828,75|1|0,00|0,00|0,00|14828,75|2669,18|0,00|0,00|0,00|96,39|444,85|0,00|0,00|
|C110|000001||
|C170|1|7850||25,00000|UN|14828,75|0,00|0|000|5102||14828,75|18,00|2669,18|0,00|0,00|0,00|0|||0,00|0,00|0,00|01|14828,75|0,6500|||96,39|01|14828,75|3,0000|||444,85||
|C100|1|0||65|00|001|4442|31220741132335000221650010000044421145667549|05072022|05072022|77,35|0|0,00||77,35|9|0,00|0,00|0,00|0,00|0,00||||0,50|2,33|0,00|0,00|
|C110|000001||
|C110|000002||
|C110|000003||
|C110|000004||
|C110|000005||
|C175|5405|77,35|0,00|01|77,35|0,6500|||0,50|01|77,35|3,0000|||2,33|||
|C100|1|0||65|00|001|4443|31220741132335000221650010000044431165955806|05072022|05072022|35,90|0|0,00||35,90|9|0,00|0,00|0,00|0,00|0,00||||0,23|1,08|0,00|0,00|
|C110|000001||
|C110|000002||
|C110|000003||
|C110|000004||
|C110|000005||
|C175|5405|35,90|0,00|01|35,90|0,6500|||0,23|01|35,90|3,0000|||1,08|||
|C100|1|0||65|00|001|4444|31220741132335000221650010000044441186244060|05072022|05072022|15,46|0|0,00||15,46|9|0,00|0,00|0,00|0,00|0,00||||0,10|0,46|0,00|0,00|
|C110|000001||
|C110|000002||
|C110|000003||
|C110|000004||
|C110|000005||
|C175|5405|15,46|0,00|01|15,46|0,6500|||0,10|01|15,46|3,0000|||0,46|||
|C100|1|0||65|00|001|4445|31220741132335000221650010000044451206532330|05072022|05072022|12,60|0|0,00||12,60|9|0,00|0,00|0,00|0,00|0,00||||0,09|0,38|0,00|0,00|
|C110|000001||
|C110|000002||
|C110|000003||
|C110|000004||
|C110|000005||
|C175|5405|12,60|0,00|01|12,60|0,6500|||0,09|01|12,60|3,0000|||0,38|||
|C100|1|0||65|00|001|4446|31220741132335000221650010000044461226820591|05072022|05072022|96,15|0|0,00||96,15|9|0,00|0,00|0,00|19,15|3,45||||0,62|2,88|0,00|0,00|
|C110|000001||
|C110|000002||
|C110|000003||
|C110|000004||
|C110|000005||
|C175|5102|19,15|0,00|01|19,15|0,6500|||0,12|01|19,15|3,0000|||0,57|||
|C175|5405|77,00|0,00|01|77,00|0,6500|||0,50|01|77,00|3,0000|||2,31|||
|C100|1|0|3934|55|00|1|1333|31220741132335000221550010000013331863195272|05072022|05072022|194,40|1|0,00||194,40|1|54,90|0,00|0,00|0,00|0,00|0,00|0,00|0,00|1,26|5,82|0,00|0,00|
|C110|000001||
|C110|000002||
|C110|000003||
|C110|000004||
|C110|000005||
|C170|1|6022||3,00000|UN|194,40|0,00|0|060|6403||0,00|0,00|0,00|0,00|0,00|0,00|0|||0,00|0,00|0,00|01|194,40|0,6500|||1,26|01|194,40|3,0000|||5,82||
|C100|1|0||65|00|001|4447|31220741132335000221650010000044471247108855|05072022|05072022|50,60|0|0,00||50,60|9|0,00|0,00|0,00|0,00|0,00||||0,33|1,52|0,00|0,00|
|C110|000001||
|C110|000002||
|C110|000003||
|C110|000004||
|C110|000005||
|C175|5405|50,60|0,00|01|50,60|0,6500|||0,33|01|50,60|3,0000|||1,52|||
|C100|1|0||65|00|001|4448|31220741132335000221650010000044481267397116|05072022|05072022|306,00|0|0,00||306,00|9|0,00|0,00|0,00|0,00|0,00||||1,99|9,18|0,00|0,00|
|C110|000001||
|C110|000002||
|C110|000003||
|C110|000004||
|C110|000005||
|C175|5405|306,00|0,00|01|306,00|0,6500|||1,99|01|306,00|3,0000|||9,18|||
|C100|1|0||65|00|001|4449|31220741132335000221650010000044491287685378|05072022|05072022|108,71|1|0,00||108,71|9|0,00|0,00|0,00|99,50|17,91||||0,71|3,27|0,00|0,00|
|C110|000001||
|C110|000002||
|C110|000003||
|C110|000004||
|C110|000005||
|C175|5102|99,50|0,00|01|99,50|0,6500|||0,65|01|99,50|3,0000|||2,99|||
|C175|5405|9,21|0,00|01|9,21|0,6500|||0,06|01|9,21|3,0000|||0,28|||
|C100|1|0||65|00|001|4450|31220741132335000221650010000044501307973633|05072022|05072022|82,20|0|0,00||82,20|9|0,00|0,00|0,00|0,00|0,00||||0,53|2,47|0,00|0,00|
|C110|000001||
|C110|000002||
|C110|000003||
|C110|000004||
|C110|000005||
|C175|5405|82,20|0,00|01|82,20|0,6500|||0,53|01|82,20|3,0000|||2,47|||
|C100|1|0||65|00|001|4451|31220741132335000221650010000044511328261893|05072022|05072022|2448,14|1|0,00||2448,14|9|0,00|0,00|0,00|4,92|0,89||||15,91|73,46|0,00|0,00|
|C110|000001||
|C110|000002||
|C110|000003||
|C110|000004||
|C110|000005||
|C175|5102|4,92|0,00|01|4,92|0,6500|||0,03|01|4,92|3,0000|||0,15|||
|C175|5405|2443,22|0,00|01|2443,22|0,6500|||15,88|01|2443,22|3,0000|||73,31|||
|C100|1|0|3520|55|00|1|1338|31220741132335000221550010000013381565296190|05072022|05072022|550,00|1|0,00||550,00|1|0,00|0,00|0,00|0,00|0,00|0,00|0,00|0,00|3,57|16,43|0,00|0,00|
|C110|000009||
|C110|000001||
|C110|000002||
|C110|000003||
|C110|000004||
|C110|000005||
|C170|1|3531||1,00000|UN|20,61|0,00|0|060|5405||0,00|0,00|0,00|0,00|0,00|0,00|0|||0,00|0,00|0,00|01|20,61|0,6500|||0,13|01|20,61|3,0000|||0,61||
|C170|2|631||20,00000|UN|75,60|0,00|0|060|5405||0,00|0,00|0,00|0,00|0,00|0,00|0|||0,00|0,00|0,00|01|75,60|0,6500|||0,49|01|75,60|3,0000|||2,26||
|C170|3|915||4,00000|UN|16,72|0,00|0|060|5405||0,00|0,00|0,00|0,00|0,00|0,00|0|||0,00|0,00|0,00|01|16,72|0,6500|||0,11|01|16,72|3,0000|||0,49||
|C170|4|4186||4,00000|UN|25,96|0,00|0|060|5405||0,00|0,00|0,00|0,00|0,00|0,00|0|||0,00|0,00|0,00|01|25,96|0,6500|||0,17|01|25,96|3,0000|||0,77||
|C170|5|3531||10,00000|UN|205,00|0,00|0|060|5405||0,00|0,00|0,00|0,00|0,00|0,00|0|||0,00|0,00|0,00|01|205,00|0,6500|||1,33|01|205,00|3,0000|||6,14||
|C170|6|630||5,00000|UN|137,95|0,00|0|060|5405||0,00|0,00|0,00|0,00|0,00|0,00|0|||0,00|0,00|0,00|01|137,95|0,6500|||0,90|01|137,95|3,0000|||4,13||
|C170|7|331||50,00000|UN|60,50|0,00|0|060|5405||0,00|0,00|0,00|0,00|0,00|0,00|0|||0,00|0,00|0,00|01|60,50|0,6500|||0,39|01|60,50|3,0000|||1,81||
|C170|8|494||1,00000|UN|7,66|0,00|0|060|5405||0,00|0,00|0,00|0,00|0,00|0,00|0|||0,00|0,00|0,00|01|7,66|0,6500|||0,05|01|7,66|3,0000|||0,22||
|C100|1|0|3014|55|00|1|1339|31220741132335000221550010000013391319723980|05072022|05072022|177,68|1|0,00||177,68|1|0,00|0,00|0,00|126,98|22,86|0,00|0,00|0,00|1,16|5,29|0,00|0,00|
|C110|000009||
|C110|000001||
|C110|000002||
|C110|000003||
|C110|000004||
|C110|000005||
|C170|1|242||1,00000|UN|0,90|0,00|0|060|5405||0,00|0,00|0,00|0,00|0,00|0,00|0|||0,00|0,00|0,00|01|0,90|0,6500|||0,01|01|0,90|3,0000|||0,02||
|C170|2|312||1,00000|UN|24,60|0,00|0|000|5102||24,60|18,00|4,43|0,00|0,00|0,00|0|||0,00|0,00|0,00|01|24,60|0,6500|||0,16|01|24,60|3,0000|||0,73||
|C170|3|7490||1,00000|UN|49,80|0,00|0|060|5405||0,00|0,00|0,00|0,00|0,00|0,00|0|||0,00|0,00|0,00|01|49,80|0,6500|||0,32|01|49,80|3,0000|||1,48||
|C170|4|4216||1,00000|UN|102,38|0,00|0|000|5102||102,38|18,00|18,43|0,00|0,00|0,00|0|||0,00|0,00|0,00|01|102,38|0,6500|||0,67|01|102,38|3,0000|||3,06||
|C100|1|0|3297|55|00|1|1340|31220741132335000221550010000013401081590331|05072022|05072022|336,00|1|0,00||336,00|1|0,00|0,00|0,00|0,00|0,00|0,00|0,00|0,00|2,18|10,07|0,00|0,00|
|C110|000009||
|C110|000001||
|C110|000002||
|C110|000003||
|C110|000004||
|C110|000005||
|C170|1|1932||60,00000|MT|336,00|0,00|0|060|5405||0,00|0,00|0,00|0,00|0,00|0,00|0|||0,00|0,00|0,00|01|336,00|0,6500|||2,18|01|336,00|3,0000|||10,07||
|C100|1|0|3937|55|00|1|1341|31220741132335000221550010000013411086366160|05072022|05072022|106,20|1|0,00||106,20|1|0,00|0,00|0,00|106,20|12,74|0,00|0,00|0,00|0,69|3,18|0,00|0,00|
|C110|000001||
|C110|000002||
|C110|000003||
|C110|000004||
|C110|000005||
|C170|1|7133||2,00000|UN|106,20|0,00|0|000|6102||106,20|12,00|12,74|0,00|0,00|0,00|0|||0,00|0,00|0,00|01|106,20|0,6500|||0,69|01|106,20|3,0000|||3,18||
|C100|1|0|3936|55|00|1|1342|31220741132335000221550010000013421086366167|05072022|05072022|156,00|1|0,00||156,00|1|0,00|0,00|0,00|0,00|0,00|0,00|0,00|0,00|1,01|4,67|0,00|0,00|
|C110|000001||
|C110|000002||
|C110|000003||
|C110|000004||
|C110|000005||
|C170|1|6263||1,00000|UN|156,00|0,00|0|060|5405||0,00|0,00|0,00|0,00|0,00|0,00|0|||0,00|0,00|0,00|01|156,00|0,6500|||1,01|01|156,00|3,0000|||4,67||
|C100|1|0||65|00|001|4452|31220741132335000221650010000044521348550162|05072022|05072022|8,16|0|0,00||8,16|9|0,00|0,00|0,00|0,00|0,00||||0,05|0,24|0,00|0,00|
|C110|000001||
|C110|000002||
|C110|000003||
|C110|000004||
|C110|000005||
|C175|5405|8,16|0,00|01|8,16|0,6500|||0,05|01|8,16|3,0000|||0,24|||
|C100|1|0||65|00|001|4453|31220741132335000221650010000044531368838428|05072022|05072022|48,40|0|0,00||48,40|9|0,00|0,00|0,00|0,00|0,00||||0,31|1,45|0,00|0,00|
|C110|000001||
|C110|000002||
|C110|000003||
|C110|000004||
|C110|000005||
|C175|5405|48,40|0,00|01|48,40|0,6500|||0,31|01|48,40|3,0000|||1,45|||
|C100|1|0||65|00|001|4454|31220741132335000221650010000044541389126688|05072022|05072022|118,49|0|0,00||118,49|9|0,00|0,00|0,00|0,00|0,00||||0,77|3,55|0,00|0,00|
|C110|000001||
|C110|000002||
|C110|000003||
|C110|000004||
|C110|000005||
|C175|5405|118,49|0,00|01|118,49|0,6500|||0,77|01|118,49|3,0000|||3,55|||
|C100|1|0|3501|55|00|1|1343|31220741132335000221550010000013431281260531|05072022|05072022|131,65|1|60,30||131,65|1|0,00|0,00|0,00|0,00|0,00|0,00|0,00|0,00|0,85|3,92|0,00|0,00|
|C110|000009||
|C110|000001||
|C110|000002||
|C110|000003||
|C110|000004||
|C110|000005||
|C170|1|5623||2,00000|UN|26,61|12,19|0|060|5405||0,00|0,00|0,00|0,00|0,00|0,00|0|||0,00|0,00|0,00|01|26,61|0,6500|||0,17|01|26,61|3,0000|||0,79||
|C170|2|6990||1,00000|UN|49,93|22,87|0|060|5405||0,00|0,00|0,00|0,00|0,00|0,00|0|||0,00|0,00|0,00|01|49,93|0,6500|||0,32|01|49,93|3,0000|||1,49||
|C170|3|3614||2,00000|UN|23,25|10,65|0|060|5405||0,00|0,00|0,00|0,00|0,00|0,00|0|||0,00|0,00|0,00|01|23,25|0,6500|||0,15|01|23,25|3,0000|||0,69||
|C170|4|6536||1,00000|UN|31,86|14,59|0|060|5405||0,00|0,00|0,00|0,00|0,00|0,00|0|||0,00|0,00|0,00|01|31,86|0,6500|||0,21|01|31,86|3,0000|||0,95||
|C100|1|0||65|00|001|4455|31220741132335000221650010000044551409414940|05072022|05072022|45,40|0|0,00||45,40|9|0,00|0,00|0,00|0,00|0,00||||0,30|1,36|0,00|0,00|
|C110|000001||
|C110|000002||
|C110|000003||
|C110|000004||
|C110|000005||
|C175|5405|45,40|0,00|01|45,40|0,6500|||0,30|01|45,40|3,0000|||1,36|||
|C100|1|0||65|00|001|4456|31220741132335000221650010000044561429703200|05072022|05072022|305,07|0|0,00||305,07|9|0,00|0,00|0,00|0,00|0,00||||1,98|9,18|0,00|0,00|
|C110|000001||
|C110|000002||
|C110|000003||
|C110|000004||
|C110|000005||
|C175|5405|305,07|0,00|01|305,07|0,6500|||1,98|01|305,07|3,0000|||9,18|||
|C100|1|0||65|00|001|4457|31220741132335000221650010000044571449991462|05072022|05072022|82,57|0|0,00||82,57|9|0,00|0,00|0,00|0,00|0,00||||0,54|2,49|0,00|0,00|
|C110|000001||
|C110|000002||
|C110|000003||
|C110|000004||
|C110|000005||
|C175|5405|82,57|0,00|01|82,57|0,6500|||0,54|01|82,57|3,0000|||2,49|||
|C100|1|0||65|00|001|4458|31220741132335000221650010000044581470279730|05072022|05072022|378,54|0|0,00||378,54|9|0,00|0,00|0,00|0,00|0,00||||2,46|11,36|0,00|0,00|
|C110|000001||
|C110|000002||
|C110|000003||
|C110|000004||
|C110|000005||
|C175|5405|378,54|0,00|01|378,54|0,6500|||2,46|01|378,54|3,0000|||11,36|||
|C100|1|0||65|00|001|4459|31220741132335000221650010000044591490567992|06072022|06072022|50,45|0|0,00||50,45|9|0,00|0,00|0,00|9,00|1,62||||0,33|1,51|0,00|0,00|
|C110|000001||
|C110|000002||
|C110|000003||
|C110|000004||
|C110|000005||
|C175|5102|9,00|0,00|01|9,00|0,6500|||0,06|01|9,00|3,0000|||0,27|||
|C175|5405|41,45|0,00|01|41,45|0,6500|||0,27|01|41,45|3,0000|||1,24|||
|C100|1|0||65|00|001|4460|31220741132335000221650010000044601510856251|06072022|06072022|241,31|0|0,00||241,31|9|0,00|0,00|0,00|0,00|0,00||||1,57|7,25|0,00|0,00|
|C110|000001||
|C110|000002||
|C110|000003||
|C110|000004||
|C110|000005||
|C175|5405|241,31|0,00|01|241,31|0,6500|||1,57|01|241,31|3,0000|||7,25|||
|C100|1|0||65|00|001|4461|31220741132335000221650010000044611531144517|06072022|06072022|482,00|1|0,00||482,00|9|0,00|0,00|0,00|48,70|8,77||||3,15|14,46|0,00|0,00|
|C110|000001||
|C110|000002||
|C110|000003||
|C110|000004||
|C110|000005||
|C175|5102|48,70|0,00|01|48,70|0,6500|||0,32|01|48,70|3,0000|||1,46|||
|C175|5405|433,30|0,00|01|433,30|0,6500|||2,83|01|433,30|3,0000|||13,00|||
|C100|1|0||65|00|001|4462|31220741132335000221650010000044621551432779|06072022|06072022|58,80|0|0,00||58,80|9|0,00|0,00|0,00|0,00|0,00||||0,38|1,76|0,00|0,00|
|C110|000001||
|C110|000002||
|C110|000003||
|C110|000004||
|C110|000005||
|C175|5405|58,80|0,00|01|58,80|0,6500|||0,38|01|58,80|3,0000|||1,76|||
|C100|1|0|3939|55|00|1|1344|31220741132335000221550010000013441187807473|06072022|06072022|79,00|1|0,00||79,00|1|25,90|0,00|0,00|104,90|12,59|0,00|0,00|0,00|0,51|2,36|0,00|0,00|
|C110|000001||
|C110|000002||
|C110|000003||
|C110|000004||
|C110|000005||
|C170|1|7133||1,00000|UN|79,00|0,00|0|000|6102||79,00|12,00|9,48|0,00|0,00|0,00|0|||0,00|0,00|0,00|01|79,00|0,6500|||0,51|01|79,00|3,0000|||2,36||
|C100|1|0|3192|55|00|1|1346|31220741132335000221550010000013461073052419|06072022|06072022|6130,00|1|0,00||6130,00|1|0,00|0,00|0,00|0,00|0,00|0,00|0,00|0,00|39,85|183,89|0,00|0,00|
|C110|000009||
|C110|000001||
|C110|000002||
|C110|000003||
|C110|000004||
|C110|000005||
|C170|1|2344||200,00000|MT|6130,00|0,00|0|060|5405||0,00|0,00|0,00|0,00|0,00|0,00|0|||0,00|0,00|0,00|01|6130,00|0,6500|||39,85|01|6130,00|3,0000|||183,89||
|C100|1|0|3940|55|00|1|1347|31220741132335000221550010000013471268960516|06072022|06072022|3665,45|1|0,00||3665,45|1|0,00|0,00|0,00|1940,43|349,27|0,00|0,00|0,00|23,81|109,70|0,00|0,00|
|C110|000011||
|C110|000007||
|C110|000012||
|C110|000001||
|C110|000002||
|C110|000003||
|C110|000004||
|C110|000005||
|C170|1|127||1,00000|UN|17,09|0,00|0|060|5405||0,00|0,00|0,00|0,00|0,00|0,00|0|||0,00|0,00|0,00|01|17,09|0,6500|||0,11|01|17,09|3,0000|||0,50||
|C170|2|721||2,00000|UN|14,94|0,00|0|060|5405||0,00|0,00|0,00|0,00|0,00|0,00|0|||0,00|0,00|0,00|01|14,94|0,6500|||0,10|01|14,94|3,0000|||0,44||
|C170|3|2877||3,00000|UN|168,03|0,00|0|000|5102||168,03|18,00|30,25|0,00|0,00|0,00|0|||0,00|0,00|0,00|01|168,03|0,6500|||1,09|01|168,03|3,0000|||5,03||
|C170|4|89||2,00000|UN|12,34|0,00|0|060|5405||0,00|0,00|0,00|0,00|0,00|0,00|0|||0,00|0,00|0,00|01|12,34|0,6500|||0,08|01|12,34|3,0000|||0,36||
|C170|5|2124||27,00000|MT|422,28|0,00|0|060|5405||0,00|0,00|0,00|0,00|0,00|0,00|0|||0,00|0,00|0,00|01|422,28|0,6500|||2,74|01|422,28|3,0000|||12,66||
|C170|6|3916||1,00000|UN|584,99|0,00|0|060|5405||0,00|0,00|0,00|0,00|0,00|0,00|0|||0,00|0,00|0,00|01|584,99|0,6500|||3,80|01|584,99|3,0000|||17,54||
|C170|7|7397||2,00000|UN|61,28|0,00|0|060|5405||0,00|0,00|0,00|0,00|0,00|0,00|0|||0,00|0,00|0,00|01|61,28|0,6500|||0,40|01|61,28|3,0000|||1,83||
|C170|8|70||1,00000|UN|2,10|0,00|0|060|5405||0,00|0,00|0,00|0,00|0,00|0,00|0|||0,00|0,00|0,00|01|2,10|0,6500|||0,01|01|2,10|3,0000|||0,05||
|C170|9|863||1,00000|UN|26,35|0,00|0|060|5405||0,00|0,00|0,00|0,00|0,00|0,00|0|||0,00|0,00|0,00|01|26,35|0,6500|||0,17|01|26,35|3,0000|||0,78||
|C170|10|2035||1,00000|UN|8,90|0,00|0|060|5405||0,00|0,00|0,00|0,00|0,00|0,00|0|||0,00|0,00|0,00|01|8,90|0,6500|||0,06|01|8,90|3,0000|||0,26||
|C170|11|10||10,00000|UN|8,90|0,00|0|060|5405||0,00|0,00|0,00|0,00|0,00|0,00|0|||0,00|0,00|0,00|01|8,90|0,6500|||0,06|01|8,90|3,0000|||0,26||
|C170|12|6567||3,00000|UN|40,26|0,00|0|000|5102||40,26|18,00|7,25|0,00|0,00|0,00|0|||0,00|0,00|0,00|01|40,26|0,6500|||0,26|01|40,26|3,0000|||1,20||
|C170|13|211||1,00000|UN|6,23|0,00|0|000|5102||6,23|18,00|1,12|0,00|0,00|0,00|0|||0,00|0,00|0,00|01|6,23|0,6500|||0,04|01|6,23|3,0000|||0,18||
|C170|14|4126||1,00000|UN|273,51|0,00|0|000|5102||273,51|18,00|49,23|0,00|0,00|0,00|0|||0,00|0,00|0,00|01|273,51|0,6500|||1,78|01|273,51|3,0000|||8,20||
|C170|15|2583||75,00000|MT|231,75|0,00|0|060|5405||0,00|0,00|0,00|0,00|0,00|0,00|0|||0,00|0,00|0,00|01|231,75|0,6500|||1,51|01|231,75|3,0000|||6,94||
|C170|16|57||1,00000|UN|26,80|0,00|0|000|5102||26,80|18,00|4,82|0,00|0,00|0,00|0|||0,00|0,00|0,00|01|26,80|0,6500|||0,17|01|26,80|3,0000|||0,79||
|C170|17|82||4,00000|UN|9,64|0,00|0|060|5405||0,00|0,00|0,00|0,00|0,00|0,00|0|||0,00|0,00|0,00|01|9,64|0,6500|||0,06|01|9,64|3,0000|||0,28||
|C170|18|1932||20,00000|MT|118,00|0,00|0|060|5405||0,00|0,00|0,00|0,00|0,00|0,00|0|||0,00|0,00|0,00|01|118,00|0,6500|||0,77|01|118,00|3,0000|||3,53||
|C170|19|687||1,00000|UN|488,41|0,00|0|000|5102||488,41|18,00|87,91|0,00|0,00|0,00|0|||0,00|0,00|0,00|01|488,41|0,6500|||3,17|01|488,41|3,0000|||14,64||
|C170|20|664||1,00000|UN|2,28|0,00|0|060|5405||0,00|0,00|0,00|0,00|0,00|0,00|0|||0,00|0,00|0,00|01|2,28|0,6500|||0,01|01|2,28|3,0000|||0,06||
|C170|21|130||2,00000|UN|89,38|0,00|0|060|5405||0,00|0,00|0,00|0,00|0,00|0,00|0|||0,00|0,00|0,00|01|89,38|0,6500|||0,58|01|89,38|3,0000|||2,67||
|C170|22|3914||1,00000|UN|305,52|0,00|0|000|5102||305,52|18,00|54,99|0,00|0,00|0,00|0|||0,00|0,00|0,00|01|305,52|0,6500|||1,99|01|305,52|3,0000|||9,16||
|C170|23|241||3,00000|UN|8,19|0,00|0|060|5405||0,00|0,00|0,00|0,00|0,00|0,00|0|||0,00|0,00|0,00|01|8,19|0,6500|||0,05|01|8,19|3,0000|||0,24||
|C170|24|648||3,00000|MT|10,32|0,00|0|000|5102||10,32|18,00|1,86|0,00|0,00|0,00|0|||0,00|0,00|0,00|01|10,32|0,6500|||0,07|01|10,32|3,0000|||0,30||
|C170|25|300||1,00000|UN|8,95|0,00|0|000|5102||8,95|18,00|1,61|0,00|0,00|0,00|0|||0,00|0,00|0,00|01|8,95|0,6500|||0,06|01|8,95|3,0000|||0,26||
|C170|26|2386||3,00000|UN|174,45|0,00|0|020|5102||67,84|18,00|12,21|0,00|0,00|0,00|0|||0,00|0,00|0,00|01|174,45|0,6500|||1,13|01|174,45|3,0000|||5,22||
|C170|27|2877||2,00000|UN|312,24|0,00|0|000|5102||312,24|18,00|56,20|0,00|0,00|0,00|0|||0,00|0,00|0,00|01|312,24|0,6500|||2,03|01|312,24|3,0000|||9,36||
|C170|28|56||3,00000|UN|232,32|0,00|0|000|5102||232,32|18,00|41,82|0,00|0,00|0,00|0|||0,00|0,00|0,00|01|232,32|0,6500|||1,51|01|232,32|3,0000|||6,96||
|C100|1|0||65|00|001|4463|31220741132335000221650010000044631571721030|06072022|06072022|19,75|0|0,00||19,75|9|0,00|0,00|0,00|0,00|0,00||||0,13|0,59|0,00|0,00|
|C110|000001||
|C110|000002||
|C110|000003||
|C110|000004||
|C110|000005||
|C175|5405|19,75|0,00|01|19,75|0,6500|||0,13|01|19,75|3,0000|||0,59|||
|C100|1|0||65|00|001|4464|31220741132335000221650010000044641592009301|06072022|06072022|195,75|0|0,00||195,75|9|0,00|0,00|0,00|0,00|0,00||||1,27|5,88|0,00|0,00|
|C110|000001||
|C110|000002||
|C110|000003||
|C110|000004||
|C110|000005||
|C175|5405|195,75|0,00|01|195,75|0,6500|||1,27|01|195,75|3,0000|||5,88|||
|C100|1|0|3941|55|00|1|1348|31220741132335000221550010000013481309537040|06072022|06072022|2190,00|0|0,00||2190,00|1|0,00|0,00|0,00|0,00|0,00|0,00|0,00|0,00|14,22|65,67|0,00|0,00|
|C110|000013||
|C110|000007||
|C110|000012||
|C110|000001||
|C110|000002||
|C110|000003||
|C110|000004||
|C110|000005||
|C170|1|706||10,00000|UN|1,20|0,00|0|060|5405||0,00|0,00|0,00|0,00|0,00|0,00|0|||0,00|0,00|0,00|01|1,20|0,6500|||0,01|01|1,20|3,0000|||0,04||
|C170|2|3497||1,00000|RL|194,29|0,00|0|060|5405||0,00|0,00|0,00|0,00|0,00|0,00|0|||0,00|0,00|0,00|01|194,29|0,6500|||1,26|01|194,29|3,0000|||5,83||
|C170|3|237||6,00000|UN|1,74|0,00|0|060|5405||0,00|0,00|0,00|0,00|0,00|0,00|0|||0,00|0,00|0,00|01|1,74|0,6500|||0,01|01|1,74|3,0000|||0,05||
|C170|4|3505||1,00000|RL|318,56|0,00|0|060|5405||0,00|0,00|0,00|0,00|0,00|0,00|0|||0,00|0,00|0,00|01|318,56|0,6500|||2,07|01|318,56|3,0000|||9,56||
|C170|5|190||1,00000|UN|67,66|0,00|0|060|5405||0,00|0,00|0,00|0,00|0,00|0,00|0|||0,00|0,00|0,00|01|67,66|0,6500|||0,44|01|67,66|3,0000|||2,03||
|C170|6|5663||6,00000|UN|27,00|0,00|0|060|5405||0,00|0,00|0,00|0,00|0,00|0,00|0|||0,00|0,00|0,00|01|27,00|0,6500|||0,18|01|27,00|3,0000|||0,81||
|C170|7|2083||20,00000|MT|156,80|0,00|0|060|5405||0,00|0,00|0,00|0,00|0,00|0,00|0|||0,00|0,00|0,00|01|156,80|0,6500|||1,02|01|156,80|3,0000|||4,69||
|C170|8|5675||6,00000|UN|15,60|0,00|0|060|5405||0,00|0,00|0,00|0,00|0,00|0,00|0|||0,00|0,00|0,00|01|15,60|0,6500|||0,10|01|15,60|3,0000|||0,47||
|C170|9|2035||1,00000|UN|8,22|0,00|0|060|5405||0,00|0,00|0,00|0,00|0,00|0,00|0|||0,00|0,00|0,00|01|8,22|0,6500|||0,05|01|8,22|3,0000|||0,25||
|C170|10|2078||10,00000|MT|46,90|0,00|0|060|5405||0,00|0,00|0,00|0,00|0,00|0,00|0|||0,00|0,00|0,00|01|46,90|0,6500|||0,30|01|46,90|3,0000|||1,40||
|C170|11|5674||6,00000|UN|15,60|0,00|0|060|5405||0,00|0,00|0,00|0,00|0,00|0,00|0|||0,00|0,00|0,00|01|15,60|0,6500|||0,10|01|15,60|3,0000|||0,47||
|C170|12|3499||1,00000|RL|194,29|0,00|0|060|5405||0,00|0,00|0,00|0,00|0,00|0,00|0|||0,00|0,00|0,00|01|194,29|0,6500|||1,26|01|194,29|3,0000|||5,83||
|C170|13|705||10,00000|UN|5,80|0,00|0|060|5405||0,00|0,00|0,00|0,00|0,00|0,00|0|||0,00|0,00|0,00|01|5,80|0,6500|||0,04|01|5,80|3,0000|||0,17||
|C170|14|3503||1,00000|RL|318,56|0,00|0|060|5405||0,00|0,00|0,00|0,00|0,00|0,00|0|||0,00|0,00|0,00|01|318,56|0,6500|||2,07|01|318,56|3,0000|||9,56||
|C170|15|1961||8,00000|UN|3,28|0,00|0|060|5405||0,00|0,00|0,00|0,00|0,00|0,00|0|||0,00|0,00|0,00|01|3,28|0,6500|||0,02|01|3,28|3,0000|||0,10||
|C170|16|3507||1,00000|RL|318,69|0,00|0|060|5405||0,00|0,00|0,00|0,00|0,00|0,00|0|||0,00|0,00|0,00|01|318,69|0,6500|||2,07|01|318,69|3,0000|||9,56||
|C170|17|963||1,00000|UN|105,55|0,00|0|060|5405||0,00|0,00|0,00|0,00|0,00|0,00|0|||0,00|0,00|0,00|01|105,55|0,6500|||0,69|01|105,55|3,0000|||3,17||
|C170|18|5666||6,00000|UN|34,44|0,00|0|060|5405||0,00|0,00|0,00|0,00|0,00|0,00|0|||0,00|0,00|0,00|01|34,44|0,6500|||0,22|01|34,44|3,0000|||1,03||
|C170|19|156||20,00000|MT|156,80|0,00|0|060|5405||0,00|0,00|0,00|0,00|0,00|0,00|0|||0,00|0,00|0,00|01|156,80|0,6500|||1,02|01|156,80|3,0000|||4,69||
|C170|20|5664||6,00000|UN|29,76|0,00|0|060|5405||0,00|0,00|0,00|0,00|0,00|0,00|0|||0,00|0,00|0,00|01|29,76|0,6500|||0,19|01|29,76|3,0000|||0,89||
|C170|21|3492||1,00000|RL|122,36|0,00|0|060|5405||0,00|0,00|0,00|0,00|0,00|0,00|0|||0,00|0,00|0,00|01|122,36|0,6500|||0,80|01|122,36|3,0000|||3,67||
|C170|22|154||10,00000|MT|46,90|0,00|0|060|5405||0,00|0,00|0,00|0,00|0,00|0,00|0|||0,00|0,00|0,00|01|46,90|0,6500|||0,30|01|46,90|3,0000|||1,40||
|C100|1|0||65|00|001|4465|31220741132335000221650010000044651612297568|06072022|06072022|309,20|0|0,00||309,20|9|0,00|0,00|0,00|0,00|0,00||||2,00|9,28|0,00|0,00|
|C110|000001||
|C110|000002||
|C110|000003||
|C110|000004||
|C110|000005||
|C175|5405|309,20|0,00|01|309,20|0,6500|||2,00|01|309,20|3,0000|||9,28|||
|C100|1|0||65|00|001|4466|31220741132335000221650010000044661632585825|07072022|07072022|29,40|0|0,00||29,40|9|0,00|0,00|0,00|29,40|5,29||||0,19|0,88|0,00|0,00|
|C110|000001||
|C110|000002||
|C110|000003||
|C110|000004||
|C110|000005||
|C175|5102|29,40|0,00|01|29,40|0,6500|||0,19|01|29,40|3,0000|||0,88|||
|C100|1|0||65|00|001|4467|31220741132335000221650010000044671652874080|07072022|07072022|85,60|0|0,00||85,60|9|0,00|0,00|0,00|0,00|0,00||||0,56|2,57|0,00|0,00|
|C110|000001||
|C110|000002||
|C110|000003||
|C110|000004||
|C110|000005||
|C175|5405|85,60|0,00|01|85,60|0,6500|||0,56|01|85,60|3,0000|||2,57|||
|C100|1|0||65|00|001|4468|31220741132335000221650010000044681673162346|08072022|08072022|36,90|0|0,00||36,90|9|0,00|0,00|0,00|0,00|0,00||||0,24|1,11|0,00|0,00|
|C110|000001||
|C110|000002||
|C110|000003||
|C110|000004||
|C110|000005||
|C175|5102|36,90|0,00|01|36,90|0,6500|||0,24|01|36,90|3,0000|||1,11|||
|C100|1|0||65|00|001|4469|31220741132335000221650010000044691693450603|07072022|07072022|554,17|0|0,00||554,17|9|0,00|0,00|0,00|449,84|80,97||||3,60|16,64|0,00|0,00|
|C110|000001||
|C110|000002||
|C110|000003||
|C110|000004||
|C110|000005||
|C175|5102|449,84|0,00|01|449,84|0,6500|||2,92|01|449,84|3,0000|||13,50|||
|C175|5405|104,33|0,00|01|104,33|0,6500|||0,68|01|104,33|3,0000|||3,14|||
|C100|1|0||65|00|001|4470|31220741132335000221650010000044701713738870|07072022|07072022|155,62|0|0,00||155,62|9|0,00|0,00|0,00|134,28|24,17||||1,01|4,67|0,00|0,00|
|C110|000001||
|C110|000002||
|C110|000003||
|C110|000004||
|C110|000005||
|C175|5102|134,28|0,00|01|134,28|0,6500|||0,87|01|134,28|3,0000|||4,03|||
|C175|5405|21,34|0,00|01|21,34|0,6500|||0,14|01|21,34|3,0000|||0,64|||
|C100|1|0||65|00|001|4471|31220741132335000221650010000044711734027139|07072022|07072022|177,58|0|0,00||177,58|9|0,00|0,00|0,00|86,72|15,61||||1,15|5,32|0,00|0,00|
|C110|000001||
|C110|000002||
|C110|000003||
|C110|000004||
|C110|000005||
|C175|5102|86,72|0,00|01|86,72|0,6500|||0,56|01|86,72|3,0000|||2,60|||
|C175|5405|90,86|0,00|01|90,86|0,6500|||0,59|01|90,86|3,0000|||2,72|||
|C100|1|0||65|00|001|4472|31220741132335000221650010000044721754315390|07072022|07072022|44,02|0|0,00||44,02|9|0,00|0,00|0,00|0,00|0,00||||0,28|1,32|0,00|0,00|
|C110|000001||
|C110|000002||
|C110|000003||
|C110|000004||
|C110|000005||
|C175|5405|44,02|0,00|01|44,02|0,6500|||0,28|01|44,02|3,0000|||1,32|||
|C100|1|0||65|00|001|4473|31220741132335000221650010000044731774603658|07072022|07072022|310,05|1|0,00||310,05|9|0,00|0,00|0,00|0,00|0,00||||2,02|9,31|0,00|0,00|
|C110|000001||
|C110|000002||
|C110|000003||
|C110|000004||
|C110|000005||
|C175|5405|310,05|0,00|01|310,05|0,6500|||2,02|01|310,05|3,0000|||9,31|||
|C100|1|0||65|00|001|4474|31220741132335000221650010000044741794891915|08072022|08072022|354,26|0|0,00||354,26|9|0,00|0,00|0,00|0,00|0,00||||2,31|10,62|0,00|0,00|
|C110|000001||
|C110|000002||
|C110|000003||
|C110|000004||
|C110|000005||
|C175|5405|354,26|0,00|01|354,26|0,6500|||2,31|01|354,26|3,0000|||10,62|||
|C100|1|0||65|00|001|4475|31220741132335000221650010000044751815180173|07072022|07072022|234,90|1|0,00||234,90|9|0,00|0,00|0,00|2,80|0,50||||1,52|7,03|0,00|0,00|
|C110|000001||
|C110|000002||
|C110|000003||
|C110|000004||
|C110|000005||
|C175|5102|2,80|0,00|01|2,80|0,6500|||0,02|01|2,80|3,0000|||0,08|||
|C175|5405|232,10|0,00|01|232,10|0,6500|||1,50|01|232,10|3,0000|||6,95|||
|C100|1|0||65|00|001|4476|31220741132335000221650010000044761835468447|07072022|07072022|68,31|0|0,00||68,31|9|0,00|0,00|0,00|0,00|0,00||||0,45|2,04|0,00|0,00|
|C110|000001||
|C110|000002||
|C110|000003||
|C110|000004||
|C110|000005||
|C175|5405|68,31|0,00|01|68,31|0,6500|||0,45|01|68,31|3,0000|||2,04|||
|C100|1|0||65|00|001|4477|31220741132335000221650010000044771855756704|07072022|07072022|247,55|0|0,00||247,55|9|0,00|0,00|0,00|0,00|0,00||||1,61|7,43|0,00|0,00|
|C110|000001||
|C110|000002||
|C110|000003||
|C110|000004||
|C110|000005||
|C175|5405|247,55|0,00|01|247,55|0,6500|||1,61|01|247,55|3,0000|||7,43|||
|C100|1|0||65|00|001|4478|31220741132335000221650010000044781876044964|07072022|07072022|95,40|0|0,00||95,40|9|0,00|0,00|0,00|0,00|0,00||||0,62|2,86|0,00|0,00|
|C110|000001||
|C110|000002||
|C110|000003||
|C110|000004||
|C110|000005||
|C175|5405|95,40|0,00|01|95,40|0,6500|||0,62|01|95,40|3,0000|||2,86|||
|C100|1|0||65|00|001|4479|31220741132335000221650010000044791896333225|07072022|07072022|126,70|0|0,00||126,70|9|0,00|0,00|0,00|58,20|10,48||||0,82|3,80|0,00|0,00|
|C110|000001||
|C110|000002||
|C110|000003||
|C110|000004||
|C110|000005||
|C175|5102|58,20|0,00|01|58,20|0,6500|||0,38|01|58,20|3,0000|||1,75|||
|C175|5405|68,50|0,00|01|68,50|0,6500|||0,44|01|68,50|3,0000|||2,05|||
|C100|1|0||65|00|001|4480|31220741132335000221650010000044801916621485|07072022|07072022|20,40|0|0,00||20,40|9|0,00|0,00|0,00|20,40|3,68||||0,14|0,62|0,00|0,00|
|C110|000001||
|C110|000002||
|C110|000003||
|C110|000004||
|C110|000005||
|C175|5102|20,40|0,00|01|20,40|0,6500|||0,14|01|20,40|3,0000|||0,62|||
|C100|1|0||65|00|001|4481|31220741132335000221650010000044811936909740|07072022|07072022|15,90|0|0,00||15,90|9|0,00|0,00|0,00|0,00|0,00||||0,10|0,48|0,00|0,00|
|C110|000001||
|C110|000002||
|C110|000003||
|C110|000004||
|C110|000005||
|C175|5405|15,90|0,00|01|15,90|0,6500|||0,10|01|15,90|3,0000|||0,48|||
|C100|1|0|3398|55|00|1|1350|31220741132335000221550010000013501333587395|07072022|07072022|153,00|1|0,00||153,00|1|0,00|0,00|0,00|0,00|0,00|0,00|0,00|0,00|0,99|4,59|0,00|0,00|
|C110|000014||
|C110|000001||
|C110|000002||
|C110|000003||
|C110|000004||
|C110|000005||
|C170|1|7121||1,00000|UN|153,00|0,00|0|060|5405||0,00|0,00|0,00|0,00|0,00|0,00|0|||0,00|0,00|0,00|01|153,00|0,6500|||0,99|01|153,00|3,0000|||4,59||
|C100|1|0|3398|55|00|1|1351|31220741132335000221550010000013511353875652|07072022|07072022|93,29|1|0,00||93,29|1|0,00|0,00|0,00|0,00|0,00|0,00|0,00|0,00|0,61|2,81|0,00|0,00|
|C110|000015||
|C110|000001||
|C110|000002||
|C110|000003||
|C110|000004||
|C110|000005||
|C170|1|1891||1,00000|UN|15,53|0,00|0|060|5405||0,00|0,00|0,00|0,00|0,00|0,00|0|||0,00|0,00|0,00|01|15,53|0,6500|||0,10|01|15,53|3,0000|||0,47||
|C170|2|3752||1,00000|UN|62,51|0,00|0|060|5405||0,00|0,00|0,00|0,00|0,00|0,00|0|||0,00|0,00|0,00|01|62,51|0,6500|||0,41|01|62,51|3,0000|||1,88||
|C170|3|1898||1,00000|UN|15,25|0,00|0|060|5405||0,00|0,00|0,00|0,00|0,00|0,00|0|||0,00|0,00|0,00|01|15,25|0,6500|||0,10|01|15,25|3,0000|||0,46||
|C100|1|0||65|00|001|4482|31220741132335000221650010000044821957198018|07072022|07072022|303,60|0|0,00||303,60|9|0,00|0,00|0,00|0,00|0,00||||1,97|9,12|0,00|0,00|
|C110|000001||
|C110|000002||
|C110|000003||
|C110|000004||
|C110|000005||
|C175|5405|303,60|0,00|01|303,60|0,6500|||1,97|01|303,60|3,0000|||9,12|||
|C100|1|0|3048|55|00|1|1352|31220741132335000221550010000013521273272282|07072022|07072022|1043,31|1|0,00||1043,31|1|0,00|0,00|0,00|676,92|121,84|0,00|0,00|0,00|6,79|31,30|0,00|0,00|
|C110|000016||
|C110|000001||
|C110|000002||
|C110|000003||
|C110|000004||
|C110|000005||
|C170|1|81||5,00000|UN|5,40|0,00|0|060|5405||0,00|0,00|0,00|0,00|0,00|0,00|0|||0,00|0,00|0,00|01|5,40|0,6500|||0,04|01|5,40|3,0000|||0,16||
|C170|2|4875||7,00000|MT|93,17|0,00|0|060|5405||0,00|0,00|0,00|0,00|0,00|0,00|0|||0,00|0,00|0,00|01|93,17|0,6500|||0,61|01|93,17|3,0000|||2,80||
|C170|3|6567||2,00000|UN|27,00|0,00|0|000|5102||27,00|18,00|4,86|0,00|0,00|0,00|0|||0,00|0,00|0,00|01|27,00|0,6500|||0,18|01|27,00|3,0000|||0,81||
|C170|4|94||2,00000|UN|13,32|0,00|0|060|5405||0,00|0,00|0,00|0,00|0,00|0,00|0|||0,00|0,00|0,00|01|13,32|0,6500|||0,09|01|13,32|3,0000|||0,40||
|C170|5|95||1,00000|UN|3,61|0,00|0|060|5405||0,00|0,00|0,00|0,00|0,00|0,00|0|||0,00|0,00|0,00|01|3,61|0,6500|||0,02|01|3,61|3,0000|||0,11||
|C170|6|4127||2,00000|UN|491,74|0,00|0|000|5102||491,74|18,00|88,51|0,00|0,00|0,00|0|||0,00|0,00|0,00|01|491,74|0,6500|||3,20|01|491,74|3,0000|||14,75||
|C170|7|99||6,00000|UN|12,42|0,00|0|060|5405||0,00|0,00|0,00|0,00|0,00|0,00|0|||0,00|0,00|0,00|01|12,42|0,6500|||0,08|01|12,42|3,0000|||0,37||
|C170|8|7397||2,00000|UN|61,64|0,00|0|060|5405||0,00|0,00|0,00|0,00|0,00|0,00|0|||0,00|0,00|0,00|01|61,64|0,6500|||0,40|01|61,64|3,0000|||1,85||
|C170|9|2386||2,00000|UN|117,00|0,00|0|020|5102||45,50|18,00|8,19|0,00|0,00|0,00|0|||0,00|0,00|0,00|01|117,00|0,6500|||0,76|01|117,00|3,0000|||3,51||
|C170|10|2877||2,00000|UN|112,68|0,00|0|000|5102||112,68|18,00|20,28|0,00|0,00|0,00|0|||0,00|0,00|0,00|01|112,68|0,6500|||0,73|01|112,68|3,0000|||3,38||
|C170|11|88||3,00000|UN|12,57|0,00|0|060|5405||0,00|0,00|0,00|0,00|0,00|0,00|0|||0,00|0,00|0,00|01|12,57|0,6500|||0,08|01|12,57|3,0000|||0,38||
|C170|12|129||3,00000|UN|92,76|0,00|0|060|5405||0,00|0,00|0,00|0,00|0,00|0,00|0|||0,00|0,00|0,00|01|92,76|0,6500|||0,60|01|92,76|3,0000|||2,78||
|C100|1|0||65|00|001|4483|31220741132335000221650010000044831977486270|08072022|08072022|70,00|0|0,00||70,00|9|0,00|0,00|0,00|0,00|0,00||||0,46|2,10|0,00|0,00|
|C110|000001||
|C110|000002||
|C110|000003||
|C110|000004||
|C110|000005||
|C175|5405|70,00|0,00|01|70,00|0,6500|||0,46|01|70,00|3,0000|||2,10|||
|C100|1|0||65|00|001|4484|31220741132335000221650010000044841997774537|07072022|07072022|62,45|0|0,00||62,45|9|0,00|0,00|0,00|21,00|3,78||||0,39|1,90|0,00|0,00|
|C110|000001||
|C110|000002||
|C110|000003||
|C110|000004||
|C110|000005||
|C175|5102|21,00|0,00|01|21,00|0,6500|||0,12|01|21,00|3,0000|||0,66|||
|C175|5405|41,45|0,00|01|41,45|0,6500|||0,27|01|41,45|3,0000|||1,24|||
|C100|1|0||65|00|001|4485|31220741132335000221650010000044851018062807|07072022|07072022|169,75|0|0,00||169,75|9|0,00|0,00|0,00|169,75|30,56||||1,10|5,09|0,00|0,00|
|C110|000001||
|C110|000002||
|C110|000003||
|C110|000004||
|C110|000005||
|C175|5102|169,75|0,00|01|169,75|0,6500|||1,10|01|169,75|3,0000|||5,09|||
|C100|1|0||65|00|001|4486|31220741132335000221650010000044861038351062|07072022|07072022|42,89|0|0,00||42,89|9|0,00|0,00|0,00|0,00|0,00||||0,27|1,29|0,00|0,00|
|C110|000001||
|C110|000002||
|C110|000003||
|C110|000004||
|C110|000005||
|C175|5405|42,89|0,00|01|42,89|0,6500|||0,27|01|42,89|3,0000|||1,29|||
|C100|1|0||65|00|001|4487|31220741132335000221650010000044871058639328|07072022|07072022|242,25|0|0,00||242,25|9|0,00|0,00|0,00|0,00|0,00||||1,57|7,27|0,00|0,00|
|C110|000001||
|C110|000002||
|C110|000003||
|C110|000004||
|C110|000005||
|C175|5405|242,25|0,00|01|242,25|0,6500|||1,57|01|242,25|3,0000|||7,27|||
|C100|1|0||65|00|001|4488|31220741132335000221650010000044881078927580|07072022|07072022|2016,45|1|0,00||2016,45|9|0,00|0,00|0,00|0,00|0,00||||13,12|60,52|0,00|0,00|
|C110|000001||
|C110|000002||
|C110|000003||
|C110|000004||
|C110|000005||
|C175|5405|2016,45|0,00|01|2016,45|0,6500|||13,12|01|2016,45|3,0000|||60,52|||
|C100|1|0||65|00|001|4489|31220741132335000221650010000044891099215853|08072022|08072022|47,89|0|0,00||47,89|9|0,00|0,00|0,00|0,00|0,00||||0,32|1,43|0,00|0,00|
|C110|000001||
|C110|000002||
|C110|000003||
|C110|000004||
|C110|000005||
|C175|5405|47,89|0,00|01|47,89|0,6500|||0,32|01|47,89|3,0000|||1,43|||
|C100|1|0||65|00|001|4490|31220741132335000221650010000044901119504112|08072022|08072022|25,96|0|0,00||25,96|9|0,00|0,00|0,00|0,00|0,00||||0,17|0,78|0,00|0,00|
|C110|000001||
|C110|000002||
|C110|000003||
|C110|000004||
|C110|000005||
|C175|5405|25,96|0,00|01|25,96|0,6500|||0,17|01|25,96|3,0000|||0,78|||
|C100|1|0||65|00|001|4491|31220741132335000221650010000044911139792374|08072022|08072022|27,90|0|0,00||27,90|9|0,00|0,00|0,00|27,90|5,02||||0,18|0,84|0,00|0,00|
|C110|000001||
|C110|000002||
|C110|000003||
|C110|000004||
|C110|000005||
|C175|5102|27,90|0,00|01|27,90|0,6500|||0,18|01|27,90|3,0000|||0,84|||
|C100|1|0||65|00|001|4492|31220741132335000221650010000044921160080636|08072022|08072022|339,82|0|0,00||339,82|9|0,00|0,00|0,00|0,00|0,00||||2,21|10,18|0,00|0,00|
|C110|000001||
|C110|000002||
|C110|000003||
|C110|000004||
|C110|000005||
|C175|5405|339,82|0,00|01|339,82|0,6500|||2,21|01|339,82|3,0000|||10,18|||
|C100|1|0||65|00|001|4493|31220741132335000221650010000044931180368896|08072022|08072022|196,25|0|0,00||196,25|9|0,00|0,00|0,00|0,00|0,00||||1,28|5,88|0,00|0,00|
|C110|000001||
|C110|000002||
|C110|000003||
|C110|000004||
|C110|000005||
|C175|5405|196,25|0,00|01|196,25|0,6500|||1,28|01|196,25|3,0000|||5,88|||
|C100|1|0||65|00|001|4494|31220741132335000221650010000044941200657151|08072022|08072022|1772,59|0|0,00||1772,59|9|0,00|0,00|0,00|380,04|68,41||||11,53|53,20|0,00|0,00|
|C110|000001||
|C110|000002||
|C110|000003||
|C110|000004||
|C110|000005||
|C175|5102|380,04|0,00|01|380,04|0,6500|||2,48|01|380,04|3,0000|||11,40|||
|C175|5405|1392,55|0,00|01|1392,55|0,6500|||9,05|01|1392,55|3,0000|||41,80|||
|C100|1|0|3301|55|00|1|1353|31220741132335000221550010000013531426490784|08072022|08072022|8965,99|0|0,00||8965,99|1|0,00|0,00|0,00|1655,91|298,06|0,00|0,00|0,00|58,25|268,98|0,00|0,00|
|C110|000017||
|C110|000001||
|C110|000002||
|C110|000003||
|C110|000004||
|C110|000005||
|C170|1|3810||3,00000|UN|102,00|0,00|0|060|5405||0,00|0,00|0,00|0,00|0,00|0,00|0|||0,00|0,00|0,00|01|102,00|0,6500|||0,66|01|102,00|3,0000|||3,06||
|C170|2|2067||30,00000|MT|38,70|0,00|0|060|5405||0,00|0,00|0,00|0,00|0,00|0,00|0|||0,00|0,00|0,00|01|38,70|0,6500|||0,25|01|38,70|3,0000|||1,16||
|C170|3|7641||6,00000|UN|3270,00|0,00|0|060|5405||0,00|0,00|0,00|0,00|0,00|0,00|0|||0,00|0,00|0,00|01|3270,00|0,6500|||21,26|01|3270,00|3,0000|||98,10||
|C170|4|1039||3,00000|UN|151,17|0,00|0|060|5405||0,00|0,00|0,00|0,00|0,00|0,00|0|||0,00|0,00|0,00|01|151,17|0,6500|||0,98|01|151,17|3,0000|||4,54||
|C170|5|1891||6,00000|UN|83,40|0,00|0|060|5405||0,00|0,00|0,00|0,00|0,00|0,00|0|||0,00|0,00|0,00|01|83,40|0,6500|||0,54|01|83,40|3,0000|||2,50||
|C170|6|1038||3,00000|UN|591,60|0,00|0|060|5405||0,00|0,00|0,00|0,00|0,00|0,00|0|||0,00|0,00|0,00|01|591,60|0,6500|||3,85|01|591,60|3,0000|||17,75||
|C170|7|3100||3,00000|UN|1625,34|0,00|0|000|5102||1625,34|18,00|292,56|0,00|0,00|0,00|0|||0,00|0,00|0,00|01|1625,34|0,6500|||10,56|01|1625,34|3,0000|||48,76||
|C170|8|5043||2,00000|MT|23,72|0,00|0|060|5405||0,00|0,00|0,00|0,00|0,00|0,00|0|||0,00|0,00|0,00|01|23,72|0,6500|||0,15|01|23,72|3,0000|||0,71||
|C170|9|707||50,00000|UN|12,50|0,00|0|060|5405||0,00|0,00|0,00|0,00|0,00|0,00|0|||0,00|0,00|0,00|01|12,50|0,6500|||0,08|01|12,50|3,0000|||0,38||
|C170|10|157||2,00000|MT|23,72|0,00|0|060|5405||0,00|0,00|0,00|0,00|0,00|0,00|0|||0,00|0,00|0,00|01|23,72|0,6500|||0,15|01|23,72|3,0000|||0,71||
|C170|11|7642||6,00000|UN|1612,80|0,00|0|060|5405||0,00|0,00|0,00|0,00|0,00|0,00|0|||0,00|0,00|0,00|01|1612,80|0,6500|||10,48|01|1612,80|3,0000|||48,38||
|C170|12|1600||1,00000|MT|169,10|0,00|0|060|5405||0,00|0,00|0,00|0,00|0,00|0,00|0|||0,00|0,00|0,00|01|169,10|0,6500|||1,10|01|169,10|3,0000|||5,07||
|C170|13|5266||3,00000|UN|406,41|0,00|0|060|5405||0,00|0,00|0,00|0,00|0,00|0,00|0|||0,00|0,00|0,00|01|406,41|0,6500|||2,64|01|406,41|3,0000|||12,19||
|C170|14|833||1,50000|MT|30,57|0,00|0|000|5102||30,57|18,00|5,50|0,00|0,00|0,00|0|||0,00|0,00|0,00|01|30,57|0,6500|||0,20|01|30,57|3,0000|||0,92||
|C170|15|1041||3,00000|UN|546,39|0,00|0|060|5405||0,00|0,00|0,00|0,00|0,00|0,00|0|||0,00|0,00|0,00|01|546,39|0,6500|||3,55|01|546,39|3,0000|||16,39||
|C170|16|1898||6,00000|UN|81,84|0,00|0|060|5405||0,00|0,00|0,00|0,00|0,00|0,00|0|||0,00|0,00|0,00|01|81,84|0,6500|||0,53|01|81,84|3,0000|||2,46||
|C170|17|936||3,00000|UN|173,01|0,00|0|060|5405||0,00|0,00|0,00|0,00|0,00|0,00|0|||0,00|0,00|0,00|01|173,01|0,6500|||1,12|01|173,01|3,0000|||5,19||
|C170|18|5042||2,00000|MT|23,72|0,00|0|060|5405||0,00|0,00|0,00|0,00|0,00|0,00|0|||0,00|0,00|0,00|01|23,72|0,6500|||0,15|01|23,72|3,0000|||0,71||
|C100|1|0|3118|55|00|1|1354|31220741132335000221550010000013541734027136|08072022|08072022|2926,00|0|0,03||2926,00|1|0,00|0,00|0,00|104,58|18,82|0,00|0,00|0,00|19,03|87,80|0,00|0,00|
|C110|000009||
|C110|000001||
|C110|000002||
|C110|000003||
|C110|000004||
|C110|000005||
|C170|1|156||80,00000|MT|798,39|0,01|0|060|5405||0,00|0,00|0,00|0,00|0,00|0,00|0|||0,00|0,00|0,00|01|798,39|0,6500|||5,19|01|798,39|3,0000|||23,95||
|C170|2|3984||7,00000|UN|205,80|0,00|0|060|5405||0,00|0,00|0,00|0,00|0,00|0,00|0|||0,00|0,00|0,00|01|205,80|0,6500|||1,34|01|205,80|3,0000|||6,17||
|C170|3|3496||1,00000|RL|247,55|0,00|0|060|5405||0,00|0,00|0,00|0,00|0,00|0,00|0|||0,00|0,00|0,00|01|247,55|0,6500|||1,61|01|247,55|3,0000|||7,43||
|C170|4|3497||1,00000|RL|247,54|0,01|0|060|5405||0,00|0,00|0,00|0,00|0,00|0,00|0|||0,00|0,00|0,00|01|247,54|0,6500|||1,61|01|247,54|3,0000|||7,43||
|C170|5|3499||1,00000|RL|210,42|0,00|0|060|5405||0,00|0,00|0,00|0,00|0,00|0,00|0|||0,00|0,00|0,00|01|210,42|0,6500|||1,37|01|210,42|3,0000|||6,31||
|C170|6|3512||1,00000|RL|525,17|0,01|0|060|5405||0,00|0,00|0,00|0,00|0,00|0,00|0|||0,00|0,00|0,00|01|525,17|0,6500|||3,41|01|525,17|3,0000|||15,76||
|C170|7|5697||1,00000|UN|104,58|0,00|0|000|5102||104,58|18,00|18,82|0,00|0,00|0,00|0|||0,00|0,00|0,00|01|104,58|0,6500|||0,68|01|104,58|3,0000|||3,14||
|C170|8|1539||5,00000|UN|193,20|0,00|0|060|5405||0,00|0,00|0,00|0,00|0,00|0,00|0|||0,00|0,00|0,00|01|193,20|0,6500|||1,26|01|193,20|3,0000|||5,80||
|C170|9|3501||1,00000|RL|247,55|0,00|0|060|5405||0,00|0,00|0,00|0,00|0,00|0,00|0|||0,00|0,00|0,00|01|247,55|0,6500|||1,61|01|247,55|3,0000|||7,43||
|C170|10|2290||1,00000|UN|20,90|0,00|0|060|5405||0,00|0,00|0,00|0,00|0,00|0,00|0|||0,00|0,00|0,00|01|20,90|0,6500|||0,14|01|20,90|3,0000|||0,63||
|C170|11|3875||7,00000|UN|35,35|0,00|0|060|5405||0,00|0,00|0,00|0,00|0,00|0,00|0|||0,00|0,00|0,00|01|35,35|0,6500|||0,23|01|35,35|3,0000|||1,06||
|C170|12|742||45,00000|UN|89,55|0,00|0|060|5405||0,00|0,00|0,00|0,00|0,00|0,00|0|||0,00|0,00|0,00|01|89,55|0,6500|||0,58|01|89,55|3,0000|||2,69||
|C100|1|0||65|00|001|4495|31220741132335000221650010000044951220945427|09072022|09072022|490,39|1|0,00||490,39|9|0,00|0,00|0,00|0,00|0,00||||3,19|14,72|0,00|0,00|
|C110|000001||
|C110|000002||
|C110|000003||
|C110|000004||
|C110|000005||
|C175|5405|490,39|0,00|01|490,39|0,6500|||3,19|01|490,39|3,0000|||14,72|||
|C100|1|0||65|00|001|4496|31220741132335000221650010000044961241233687|09072022|09072022|27,43|0|0,00||27,43|9|0,00|0,00|0,00|0,00|0,00||||0,19|0,83|0,00|0,00|
|C110|000001||
|C110|000002||
|C110|000003||
|C110|000004||
|C110|000005||
|C175|5405|27,43|0,00|01|27,43|0,6500|||0,19|01|27,43|3,0000|||0,83|||
|C100|1|0||65|00|001|4497|31220741132335000221650010000044971261521944|09072022|09072022|36,85|0|0,00||36,85|9|0,00|0,00|0,00|0,00|0,00||||0,24|1,11|0,00|0,00|
|C110|000001||
|C110|000002||
|C110|000003||
|C110|000004||
|C110|000005||
|C175|5405|36,85|0,00|01|36,85|0,6500|||0,24|01|36,85|3,0000|||1,11|||
|C100|1|0||65|00|001|4498|31220741132335000221650010000044981281810205|09072022|09072022|237,64|0|0,00||237,64|9|0,00|0,00|0,00|111,44|20,06||||1,54|7,14|0,00|0,00|
|C110|000001||
|C110|000002||
|C110|000003||
|C110|000004||
|C110|000005||
|C175|5102|111,44|0,00|01|111,44|0,6500|||0,72|01|111,44|3,0000|||3,35|||
|C175|5405|126,20|0,00|01|126,20|0,6500|||0,82|01|126,20|3,0000|||3,79|||
|C100|1|0||65|00|001|4499|31220741132335000221650010000044991302098468|09072022|09072022|23,45|0|0,00||23,45|9|0,00|0,00|0,00|23,45|4,22||||0,15|0,70|0,00|0,00|
|C110|000001||
|C110|000002||
|C110|000003||
|C110|000004||
|C110|000005||
|C175|5102|23,45|0,00|01|23,45|0,6500|||0,15|01|23,45|3,0000|||0,70|||
|C100|1|0||65|00|001|4500|31220741132335000221650010000045001322386720|09072022|09072022|576,85|1|0,00||576,85|9|0,00|0,00|0,00|0,00|0,00||||3,75|17,31|0,00|0,00|
|C110|000001||
|C110|000002||
|C110|000003||
|C110|000004||
|C110|000005||
|C175|5405|576,85|0,00|01|576,85|0,6500|||3,75|01|576,85|3,0000|||17,31|||
|C100|1|0||65|00|001|4501|31220741132335000221650010000045011342674990|09072022|09072022|176,40|1|0,00||176,40|9|0,00|0,00|0,00|0,00|0,00||||1,14|5,31|0,00|0,00|
|C110|000001||
|C110|000002||
|C110|000003||
|C110|000004||
|C110|000005||
|C175|5405|176,40|0,00|01|176,40|0,6500|||1,14|01|176,40|3,0000|||5,31|||
|C100|1|0||65|00|001|4502|31220741132335000221650010000045021362963251|09072022|09072022|46,60|0|0,00||46,60|9|0,00|0,00|0,00|0,00|0,00||||0,31|1,39|0,00|0,00|
|C110|000001||
|C110|000002||
|C110|000003||
|C110|000004||
|C110|000005||
|C175|5405|46,60|0,00|01|46,60|0,6500|||0,31|01|46,60|3,0000|||1,39|||
|C100|1|0||65|00|001|4503|31220741132335000221650010000045031383251517|09072022|09072022|439,20|0|0,00||439,20|9|0,00|0,00|0,00|0,00|0,00||||2,85|13,18|0,00|0,00|
|C110|000001||
|C110|000002||
|C110|000003||
|C110|000004||
|C110|000005||
|C175|5405|439,20|0,00|01|439,20|0,6500|||2,85|01|439,20|3,0000|||13,18|||
|C100|1|0||65|00|001|4504|31220741132335000221650010000045041403539771|09072022|09072022|16,25|0|0,00||16,25|9|0,00|0,00|0,00|0,00|0,00||||0,11|0,49|0,00|0,00|
|C110|000001||
|C110|000002||
|C110|000003||
|C110|000004||
|C110|000005||
|C175|5405|16,25|0,00|01|16,25|0,6500|||0,11|01|16,25|3,0000|||0,49|||
|C100|1|0||65|00|001|4505|31220741132335000221650010000045051423828032|09072022|09072022|85,30|0|0,00||85,30|9|0,00|0,00|0,00|0,00|0,00||||0,55|2,56|0,00|0,00|
|C110|000001||
|C110|000002||
|C110|000003||
|C110|000004||
|C110|000005||
|C175|5405|85,30|0,00|01|85,30|0,6500|||0,55|01|85,30|3,0000|||2,56|||
|C100|1|0||65|00|001|4506|31220741132335000221650010000045061444116292|09072022|09072022|392,40|1|0,00||392,40|9|0,00|0,00|0,00|0,00|0,00||||2,55|11,77|0,00|0,00|
|C110|000001||
|C110|000002||
|C110|000003||
|C110|000004||
|C110|000005||
|C175|5405|392,40|0,00|01|392,40|0,6500|||2,55|01|392,40|3,0000|||11,77|||
|C100|1|0||65|00|001|4507|31220741132335000221650010000045071464404568|09072022|09072022|218,95|1|0,00||218,95|9|0,00|0,00|0,00|0,00|0,00||||1,42|6,57|0,00|0,00|
|C110|000001||
|C110|000002||
|C110|000003||
|C110|000004||
|C110|000005||
|C175|5405|218,95|0,00|01|218,95|0,6500|||1,42|01|218,95|3,0000|||6,57|||
|C100|1|0||65|00|001|4508|31220741132335000221650010000045081484692825|09072022|09072022|460,40|0|0,00||460,40|9|0,00|0,00|0,00|0,00|0,00||||2,99|13,81|0,00|0,00|
|C110|000001||
|C110|000002||
|C110|000003||
|C110|000004||
|C110|000005||
|C175|5405|460,40|0,00|01|460,40|0,6500|||2,99|01|460,40|3,0000|||13,81|||
|C100|1|0||65|00|001|4509|31220741132335000221650010000045091504981085|09072022|09072022|329,01|0|0,00||329,01|9|0,00|0,00|0,00|75,84|13,65||||2,14|9,87|0,00|0,00|
|C110|000001||
|C110|000002||
|C110|000003||
|C110|000004||
|C110|000005||
|C175|5102|195,00|0,00|01|195,00|0,6500|||1,27|01|195,00|3,0000|||5,85|||
|C175|5405|134,01|0,00|01|134,01|0,6500|||0,87|01|134,01|3,0000|||4,02|||
|C100|1|0||65|00|001|4510|31220741132335000221650010000045101525269342|09072022|09072022|208,35|0|0,00||208,35|9|0,00|0,00|0,00|0,00|0,00||||1,36|6,26|0,00|0,00|
|C110|000001||
|C110|000002||
|C110|000003||
|C110|000004||
|C110|000005||
|C175|5405|208,35|0,00|01|208,35|0,6500|||1,36|01|208,35|3,0000|||6,26|||
|C100|1|0||65|00|001|4511|31220741132335000221650010000045111545557600|09072022|09072022|188,85|1|0,00||188,85|9|0,00|0,00|0,00|0,00|0,00||||1,22|5,67|0,00|0,00|
|C110|000001||
|C110|000002||
|C110|000003||
|C110|000004||
|C110|000005||
|C175|5405|188,85|0,00|01|188,85|0,6500|||1,22|01|188,85|3,0000|||5,67|||
|C100|1|0|3175|55|00|1|1356|31220741132335000221550010000013561931034571|09072022|09072022|1040,00|1|0,00||1040,00|1|0,00|0,00|0,00|0,00|0,00|0,00|0,00|0,00|6,76|31,20|0,00|0,00|
|C110|000009||
|C110|000001||
|C110|000002||
|C110|000003||
|C110|000004||
|C110|000005||
|C170|1|7262||1,00000|UN|1001,00|0,00|0|060|5405||0,00|0,00|0,00|0,00|0,00|0,00|0|||0,00|0,00|0,00|01|1001,00|0,6500|||6,51|01|1001,00|3,0000|||30,03||
|C170|2|4186||6,00000|UN|39,00|0,00|0|060|5405||0,00|0,00|0,00|0,00|0,00|0,00|0|||0,00|0,00|0,00|01|39,00|0,6500|||0,25|01|39,00|3,0000|||1,17||
|C100|1|0||65|00|001|4512|31220741132335000221650010000045121565845861|09072022|09072022|39,85|0|0,00||39,85|9|0,00|0,00|0,00|0,00|0,00||||0,26|1,20|0,00|0,00|
|C110|000001||
|C110|000002||
|C110|000003||
|C110|000004||
|C110|000005||
|C175|5405|39,85|0,00|01|39,85|0,6500|||0,26|01|39,85|3,0000|||1,20|||
|C100|1|0||65|00|001|4513|31220741132335000221650010000045131586134139|09072022|09072022|189,40|1|0,00||189,40|9|0,00|0,00|0,00|0,00|0,00||||1,23|5,68|0,00|0,00|
|C110|000001||
|C110|000002||
|C110|000003||
|C110|000004||
|C110|000005||
|C175|5405|189,40|0,00|01|189,40|0,6500|||1,23|01|189,40|3,0000|||5,68|||
|C100|1|0||65|00|001|4514|31220741132335000221650010000045141606422395|09072022|09072022|349,50|0|0,00||349,50|9|0,00|0,00|0,00|0,00|0,00||||2,27|10,48|0,00|0,00|
|C110|000001||
|C110|000002||
|C110|000003||
|C110|000004||
|C110|000005||
|C175|5405|349,50|0,00|01|349,50|0,6500|||2,27|01|349,50|3,0000|||10,48|||
|C100|1|0||65|00|001|4515|31220741132335000221650010000045151626710652|09072022|09072022|432,85|0|0,00||432,85|9|0,00|0,00|0,00|0,00|0,00||||2,80|12,99|0,00|0,00|
|C110|000001||
|C110|000002||
|C110|000003||
|C110|000004||
|C110|000005||
|C175|5405|432,85|0,00|01|432,85|0,6500|||2,80|01|432,85|3,0000|||12,99|||
|C100|1|0||65|00|001|4516|31220741132335000221650010000045161646998918|09072022|09072022|46,01|0|0,00||46,01|9|0,00|0,00|0,00|0,00|0,00||||0,31|1,39|0,00|0,00|
|C110|000001||
|C110|000002||
|C110|000003||
|C110|000004||
|C110|000005||
|C175|5405|46,01|0,00|01|46,01|0,6500|||0,31|01|46,01|3,0000|||1,39|||
|C100|1|0||65|00|001|4517|31220741132335000221650010000045171667287171|09072022|09072022|116,64|0|0,00||116,64|9|0,00|0,00|0,00|0,00|0,00||||0,75|3,51|0,00|0,00|
|C110|000001||
|C110|000002||
|C110|000003||
|C110|000004||
|C110|000005||
|C175|5405|116,64|0,00|01|116,64|0,6500|||0,75|01|116,64|3,0000|||3,51|||
|C100|1|0||65|00|001|4518|31220741132335000221650010000045181687575439|09072022|09072022|403,20|1|0,00||403,20|9|0,00|0,00|0,00|0,00|0,00||||2,61|12,09|0,00|0,00|
|C110|000001||
|C110|000002||
|C110|000003||
|C110|000004||
|C110|000005||
|C175|5405|403,20|0,00|01|403,20|0,6500|||2,61|01|403,20|3,0000|||12,09|||
|C100|1|0||65|00|001|4519|31220741132335000221650010000045191707863695|09072022|09072022|1200,68|1|0,00||1200,68|9|0,00|0,00|0,00|0,00|0,00||||7,80|36,03|0,00|0,00|
|C110|000001||
|C110|000002||
|C110|000003||
|C110|000004||
|C110|000005||
|C175|5405|1200,68|0,00|01|1200,68|0,6500|||7,80|01|1200,68|3,0000|||36,03|||
|C100|1|0||65|00|001|4520|31220741132335000221650010000045201728151962|09072022|09072022|941,62|1|0,00||941,62|9|0,00|0,00|0,00|0,00|0,00||||6,12|28,24|0,00|0,00|
|C110|000001||
|C110|000002||
|C110|000003||
|C110|000004||
|C110|000005||
|C175|5405|941,62|0,00|01|941,62|0,6500|||6,12|01|941,62|3,0000|||28,24|||
|C100|1|0||65|00|001|4521|31220741132335000221650010000045211748440223|09072022|09072022|207,40|0|0,00||207,40|9|0,00|0,00|0,00|0,00|0,00||||1,34|6,22|0,00|0,00|
|C110|000001||
|C110|000002||
|C110|000003||
|C110|000004||
|C110|000005||
|C175|5405|207,40|0,00|01|207,40|0,6500|||1,34|01|207,40|3,0000|||6,22|||
|C100|1|0||65|00|001|4522|31220741132335000221650010000045221768728483|09072022|09072022|13,40|0|0,00||13,40|9|0,00|0,00|0,00|0,00|0,00||||0,09|0,40|0,00|0,00|
|C110|000001||
|C110|000002||
|C110|000003||
|C110|000004||
|C110|000005||
|C175|5405|13,40|0,00|01|13,40|0,6500|||0,09|01|13,40|3,0000|||0,40|||
|C100|1|0||65|00|001|4523|31220741132335000221650010000045231789016749|11072022|11072022|1332,12|1|0,00||1332,12|9|0,00|0,00|0,00|0,00|0,00||||8,65|39,96|0,00|0,00|
|C110|000001||
|C110|000002||
|C110|000003||
|C110|000004||
|C110|000005||
|C175|5405|1332,12|0,00|01|1332,12|0,6500|||8,65|01|1332,12|3,0000|||39,96|||
|C100|1|0||65|00|001|4524|31220741132335000221650010000045241809305004|11072022|11072022|62,75|0|0,00||62,75|9|0,00|0,00|0,00|0,00|0,00||||0,41|1,88|0,00|0,00|
|C110|000001||
|C110|000002||
|C110|000003||
|C110|000004||
|C110|000005||
|C175|5405|62,75|0,00|01|62,75|0,6500|||0,41|01|62,75|3,0000|||1,88|||
|C100|1|0|3525|55|00|1|1360|31220741132335000221550010000013601113079265|11072022|11072022|5568,63|1|1400,77||5568,63|1|0,00|0,00|0,00|651,62|117,29|0,00|0,00|0,00|36,23|167,10|0,00|0,00|
|C110|000009||
|C110|000001||
|C110|000002||
|C110|000003||
|C110|000004||
|C110|000005||
|C170|1|1143||1,00000|UN|125,16|31,47|0|000|5102||125,16|18,00|22,53|0,00|0,00|0,00|0|||0,00|0,00|0,00|01|125,16|0,6500|||0,81|01|125,16|3,0000|||3,75||
|C170|2|91||10,00000|UN|11,83|2,97|0|060|5405||0,00|0,00|0,00|0,00|0,00|0,00|0|||0,00|0,00|0,00|01|11,83|0,6500|||0,08|01|11,83|3,0000|||0,35||
|C170|3|5103||1,00000|UN|25,19|6,34|0|000|5102||25,19|18,00|4,53|0,00|0,00|0,00|0|||0,00|0,00|0,00|01|25,19|0,6500|||0,16|01|25,19|3,0000|||0,76||
|C170|4|1039||1,00000|UN|44,66|11,24|0|060|5405||0,00|0,00|0,00|0,00|0,00|0,00|0|||0,00|0,00|0,00|01|44,66|0,6500|||0,29|01|44,66|3,0000|||1,34||
|C170|5|157||20,00000|MT|221,33|55,67|0|060|5405||0,00|0,00|0,00|0,00|0,00|0,00|0|||0,00|0,00|0,00|01|221,33|0,6500|||1,44|01|221,33|3,0000|||6,64||
|C170|6|3503||1,00000|RL|290,50|73,07|0|060|5405||0,00|0,00|0,00|0,00|0,00|0,00|0|||0,00|0,00|0,00|01|290,50|0,6500|||1,89|01|290,50|3,0000|||8,72||
|C170|7|78||30,00000|UN|15,10|3,80|0|060|5405||0,00|0,00|0,00|0,00|0,00|0,00|0|||0,00|0,00|0,00|01|15,10|0,6500|||0,10|01|15,10|3,0000|||0,45||
|C170|8|129||10,00000|UN|266,39|67,01|0|060|5405||0,00|0,00|0,00|0,00|0,00|0,00|0|||0,00|0,00|0,00|01|266,39|0,6500|||1,73|01|266,39|3,0000|||7,99||
|C170|9|942||15,00000|UN|162,64|40,91|0|000|5102||162,64|18,00|29,28|0,00|0,00|0,00|0|||0,00|0,00|0,00|01|162,64|0,6500|||1,06|01|162,64|3,0000|||4,88||
|C170|10|3500||1,00000|RL|177,17|44,57|0|060|5405||0,00|0,00|0,00|0,00|0,00|0,00|0|||0,00|0,00|0,00|01|177,17|0,6500|||1,15|01|177,17|3,0000|||5,32||
|C170|11|585||20,00000|MT|104,67|26,33|0|060|5405||0,00|0,00|0,00|0,00|0,00|0,00|0|||0,00|0,00|0,00|01|104,67|0,6500|||0,68|01|104,67|3,0000|||3,14||
|C170|12|2724||50,00000|UN|8,79|2,21|0|060|5405||0,00|0,00|0,00|0,00|0,00|0,00|0|||0,00|0,00|0,00|01|8,79|0,6500|||0,06|01|8,79|3,0000|||0,26||
|C170|13|180||5,00000|UN|7,51|1,89|0|060|5405||0,00|0,00|0,00|0,00|0,00|0,00|0|||0,00|0,00|0,00|01|7,51|0,6500|||0,05|01|7,51|3,0000|||0,23||
|C170|14|331||50,00000|UN|43,15|10,85|0|060|5405||0,00|0,00|0,00|0,00|0,00|0,00|0|||0,00|0,00|0,00|01|43,15|0,6500|||0,28|01|43,15|3,0000|||1,29||
|C170|15|845||20,00000|UN|27,17|6,83|0|000|5102||27,17|18,00|4,89|0,00|0,00|0,00|0|||0,00|0,00|0,00|01|27,17|0,6500|||0,18|01|27,17|3,0000|||0,82||
|C170|16|3497||1,00000|RL|177,17|44,57|0|060|5405||0,00|0,00|0,00|0,00|0,00|0,00|0|||0,00|0,00|0,00|01|177,17|0,6500|||1,15|01|177,17|3,0000|||5,32||
|C170|17|3505||1,00000|RL|290,50|73,07|0|060|5405||0,00|0,00|0,00|0,00|0,00|0,00|0|||0,00|0,00|0,00|01|290,50|0,6500|||1,89|01|290,50|3,0000|||8,72||
|C170|18|92||3,00000|UN|5,68|1,43|0|060|5405||0,00|0,00|0,00|0,00|0,00|0,00|0|||0,00|0,00|0,00|01|5,68|0,6500|||0,04|01|5,68|3,0000|||0,17||
|C170|19|3795||4,00000|UN|98,63|24,81|0|060|5405||0,00|0,00|0,00|0,00|0,00|0,00|0|||0,00|0,00|0,00|01|98,63|0,6500|||0,64|01|98,63|3,0000|||2,96||
|C170|20|3422||1,00000|UN|19,26|4,84|0|060|5405||0,00|0,00|0,00|0,00|0,00|0,00|0|||0,00|0,00|0,00|01|19,26|0,6500|||0,13|01|19,26|3,0000|||0,58||
|C170|21|806||15,00000|UN|147,06|36,99|0|000|5102||147,06|18,00|26,47|0,00|0,00|0,00|0|||0,00|0,00|0,00|01|147,06|0,6500|||0,96|01|147,06|3,0000|||4,41||
|C170|22|936||1,00000|UN|48,56|12,22|0|060|5405||0,00|0,00|0,00|0,00|0,00|0,00|0|||0,00|0,00|0,00|01|48,56|0,6500|||0,32|01|48,56|3,0000|||1,46||
|C170|23|2085||10,00000|MT|110,66|27,84|0|060|5405||0,00|0,00|0,00|0,00|0,00|0,00|0|||0,00|0,00|0,00|01|110,66|0,6500|||0,72|01|110,66|3,0000|||3,32||
|C170|24|556||5,00000|UN|39,91|10,04|0|060|5405||0,00|0,00|0,00|0,00|0,00|0,00|0|||0,00|0,00|0,00|01|39,91|0,6500|||0,26|01|39,91|3,0000|||1,20||
|C170|25|85||15,00000|UN|15,58|3,92|0|060|5405||0,00|0,00|0,00|0,00|0,00|0,00|0|||0,00|0,00|0,00|01|15,58|0,6500|||0,10|01|15,58|3,0000|||0,47||
|C170|26|4204||2,00000|UN|18,46|4,64|0|060|5405||0,00|0,00|0,00|0,00|0,00|0,00|0|||0,00|0,00|0,00|01|18,46|0,6500|||0,12|01|18,46|3,0000|||0,55||
|C170|27|127||3,00000|UN|41,01|10,32|0|060|5405||0,00|0,00|0,00|0,00|0,00|0,00|0|||0,00|0,00|0,00|01|41,01|0,6500|||0,27|01|41,01|3,0000|||1,23||
|C170|28|3507||1,00000|RL|290,50|73,07|0|060|5405||0,00|0,00|0,00|0,00|0,00|0,00|0|||0,00|0,00|0,00|01|290,50|0,6500|||1,89|01|290,50|3,0000|||8,72||
|C170|29|3798||2,00000|UN|49,31|12,41|0|060|5405||0,00|0,00|0,00|0,00|0,00|0,00|0|||0,00|0,00|0,00|01|49,31|0,6500|||0,32|01|49,31|3,0000|||1,48||
|C170|30|6132||50,00000|UN|7,19|1,81|0|060|5405||0,00|0,00|0,00|0,00|0,00|0,00|0|||0,00|0,00|0,00|01|7,19|0,6500|||0,05|01|7,19|3,0000|||0,22||
|C170|31|81||10,00000|UN|8,55|2,15|0|060|5405||0,00|0,00|0,00|0,00|0,00|0,00|0|||0,00|0,00|0,00|01|8,55|0,6500|||0,06|01|8,55|3,0000|||0,26||
|C170|32|261||1,00000|UN|19,75|4,97|0|060|5405||0,00|0,00|0,00|0,00|0,00|0,00|0|||0,00|0,00|0,00|01|19,75|0,6500|||0,13|01|19,75|3,0000|||0,59||
|C170|33|5587||12,00000|UN|1840,92|463,08|0|060|5405||0,00|0,00|0,00|0,00|0,00|0,00|0|||0,00|0,00|0,00|01|1840,92|0,6500|||11,97|01|1840,92|3,0000|||55,23||
|C170|34|3501||1,00000|RL|177,17|44,57|0|060|5405||0,00|0,00|0,00|0,00|0,00|0,00|0|||0,00|0,00|0,00|01|177,17|0,6500|||1,15|01|177,17|3,0000|||5,32||
|C170|35|2141||50,00000|UN|14,38|3,62|0|060|5405||0,00|0,00|0,00|0,00|0,00|0,00|0|||0,00|0,00|0,00|01|14,38|0,6500|||0,09|01|14,38|3,0000|||0,43||
|C170|36|1320||5,00000|UN|137,23|34,52|0|000|5102||137,23|18,00|24,70|0,00|0,00|0,00|0|||0,00|0,00|0,00|01|137,23|0,6500|||0,89|01|137,23|3,0000|||4,12||
|C170|37|3794||4,00000|UN|28,92|7,28|0|060|5405||0,00|0,00|0,00|0,00|0,00|0,00|0|||0,00|0,00|0,00|01|28,92|0,6500|||0,19|01|28,92|3,0000|||0,87||
|C170|38|844||20,00000|UN|27,17|6,83|0|000|5102||27,17|18,00|4,89|0,00|0,00|0,00|0|||0,00|0,00|0,00|01|27,17|0,6500|||0,18|01|27,17|3,0000|||0,82||
|C170|39|3873||20,00000|UN|98,76|24,84|0|060|5405||0,00|0,00|0,00|0,00|0,00|0,00|0|||0,00|0,00|0,00|01|98,76|0,6500|||0,64|01|98,76|3,0000|||2,96||
|C170|40|290||12,00000|UN|139,12|35,00|0|060|5405||0,00|0,00|0,00|0,00|0,00|0,00|0|||0,00|0,00|0,00|01|139,12|0,6500|||0,90|01|139,12|3,0000|||4,17||
|C170|41|86||5,00000|UN|8,75|2,20|0|060|5405||0,00|0,00|0,00|0,00|0,00|0,00|0|||0,00|0,00|0,00|01|8,75|0,6500|||0,06|01|8,75|3,0000|||0,26||
|C170|42|3499||1,00000|RL|177,17|44,57|0|060|5405||0,00|0,00|0,00|0,00|0,00|0,00|0|||0,00|0,00|0,00|01|177,17|0,6500|||1,15|01|177,17|3,0000|||5,32||
|C100|1|0|3772|55|00|1|1361|31220741132335000221550010000013611144568192|11072022|11072022|119,00|0|0,00||119,00|1|0,00|0,00|0,00|0,00|0,00|0,00|0,00|0,00|0,77|3,57|0,00|0,00|
|C110|000001||
|C110|000002||
|C110|000003||
|C110|000004||
|C110|000005||
|C170|1|5737||3,00000|UN|100,14|0,00|0|060|5405||0,00|0,00|0,00|0,00|0,00|0,00|0|||0,00|0,00|0,00|01|100,14|0,6500|||0,65|01|100,14|3,0000|||3,00||
|C170|2|247||1,00000|UN|18,86|0,00|0|060|5405||0,00|0,00|0,00|0,00|0,00|0,00|0|||0,00|0,00|0,00|01|18,86|0,6500|||0,12|01|18,86|3,0000|||0,57||
|C100|1|0|3525|55|00|1|1362|31220741132335000221550010000013621153655792|11072022|11072022|1818,60|0|0,00||1818,60|1|0,00|0,00|0,00|529,52|95,30|0,00|0,00|0,00|11,83|54,55|0,00|0,00|
|C110|000009||
|C110|000001||
|C110|000002||
|C110|000003||
|C110|000004||
|C110|000005||
|C170|1|154||20,00000|MT|122,00|0,00|0|060|5405||0,00|0,00|0,00|0,00|0,00|0,00|0|||0,00|0,00|0,00|01|122,00|0,6500|||0,79|01|122,00|3,0000|||3,66||
|C170|2|885||2,00000|UN|35,80|0,00|0|000|5102||35,80|18,00|6,44|0,00|0,00|0,00|0|||0,00|0,00|0,00|01|35,80|0,6500|||0,23|01|35,80|3,0000|||1,07||
|C170|3|679||6,00000|UN|107,40|0,00|0|000|5102||107,40|18,00|19,33|0,00|0,00|0,00|0|||0,00|0,00|0,00|01|107,40|0,6500|||0,70|01|107,40|3,0000|||3,22||
|C170|4|6112||15,00000|UN|3,00|0,00|0|060|5405||0,00|0,00|0,00|0,00|0,00|0,00|0|||0,00|0,00|0,00|01|3,00|0,6500|||0,02|01|3,00|3,0000|||0,09||
|C170|5|331||20,00000|UN|24,20|0,00|0|060|5405||0,00|0,00|0,00|0,00|0,00|0,00|0|||0,00|0,00|0,00|01|24,20|0,6500|||0,16|01|24,20|3,0000|||0,73||
|C170|6|329||5,00000|UN|8,50|0,00|0|060|5405||0,00|0,00|0,00|0,00|0,00|0,00|0|||0,00|0,00|0,00|01|8,50|0,6500|||0,06|01|8,50|3,0000|||0,26||
|C170|7|7514||2,00000|UN|20,52|0,00|0|060|5405||0,00|0,00|0,00|0,00|0,00|0,00|0|||0,00|0,00|0,00|01|20,52|0,6500|||0,13|01|20,52|3,0000|||0,62||
|C170|8|3499||1,00000|RL|247,55|0,00|0|060|5405||0,00|0,00|0,00|0,00|0,00|0,00|0|||0,00|0,00|0,00|01|247,55|0,6500|||1,61|01|247,55|3,0000|||7,43||
|C170|9|845||16,00000|UN|38,40|0,00|0|000|5102||38,40|18,00|6,91|0,00|0,00|0,00|0|||0,00|0,00|0,00|01|38,40|0,6500|||0,25|01|38,40|3,0000|||1,15||
|C170|10|915||1,00000|UN|4,79|0,00|0|060|5405||0,00|0,00|0,00|0,00|0,00|0,00|0|||0,00|0,00|0,00|01|4,79|0,6500|||0,03|01|4,79|3,0000|||0,14||
|C170|11|1124||2,00000|UN|56,30|0,00|0|000|5102||56,30|18,00|10,13|0,00|0,00|0,00|0|||0,00|0,00|0,00|01|56,30|0,6500|||0,37|01|56,30|3,0000|||1,69||
|C170|12|692||6,00000|UN|18,00|0,00|0|060|5405||0,00|0,00|0,00|0,00|0,00|0,00|0|||0,00|0,00|0,00|01|18,00|0,6500|||0,12|01|18,00|3,0000|||0,54||
|C170|13|6713||15,00000|UN|5,40|0,00|0|060|5405||0,00|0,00|0,00|0,00|0,00|0,00|0|||0,00|0,00|0,00|01|5,40|0,6500|||0,04|01|5,40|3,0000|||0,16||
|C170|14|2081||20,00000|MT|122,00|0,00|0|060|5405||0,00|0,00|0,00|0,00|0,00|0,00|0|||0,00|0,00|0,00|01|122,00|0,6500|||0,79|01|122,00|3,0000|||3,66||
|C170|15|86||6,00000|UN|14,70|0,00|0|060|5405||0,00|0,00|0,00|0,00|0,00|0,00|0|||0,00|0,00|0,00|01|14,70|0,6500|||0,10|01|14,70|3,0000|||0,44||
|C170|16|4068||6,00000|UN|35,40|0,00|0|060|5405||0,00|0,00|0,00|0,00|0,00|0,00|0|||0,00|0,00|0,00|01|35,40|0,6500|||0,23|01|35,40|3,0000|||1,06||
|C170|17|3803||1,00000|UN|12,26|0,00|0|060|5405||0,00|0,00|0,00|0,00|0,00|0,00|0|||0,00|0,00|0,00|01|12,26|0,6500|||0,08|01|12,26|3,0000|||0,37||
|C170|18|886||2,00000|UN|35,80|0,00|0|000|5102||35,80|18,00|6,44|0,00|0,00|0,00|0|||0,00|0,00|0,00|01|35,80|0,6500|||0,23|01|35,80|3,0000|||1,07||
|C170|19|127||10,00000|UN|191,00|0,00|0|060|5405||0,00|0,00|0,00|0,00|0,00|0,00|0|||0,00|0,00|0,00|01|191,00|0,6500|||1,24|01|191,00|3,0000|||5,73||
|C170|20|7061||1,00000|UN|17,27|0,00|0|060|5405||0,00|0,00|0,00|0,00|0,00|0,00|0|||0,00|0,00|0,00|01|17,27|0,6500|||0,11|01|17,27|3,0000|||0,52||
|C170|21|3501||1,00000|RL|247,55|0,00|0|060|5405||0,00|0,00|0,00|0,00|0,00|0,00|0|||0,00|0,00|0,00|01|247,55|0,6500|||1,61|01|247,55|3,0000|||7,43||
|C170|22|3875||20,00000|UN|101,00|0,00|0|060|5405||0,00|0,00|0,00|0,00|0,00|0,00|0|||0,00|0,00|0,00|01|101,00|0,6500|||0,66|01|101,00|3,0000|||3,03||
|C170|23|3905||1,00000|UN|10,68|0,00|0|060|5405||0,00|0,00|0,00|0,00|0,00|0,00|0|||0,00|0,00|0,00|01|10,68|0,6500|||0,07|01|10,68|3,0000|||0,32||
|C170|24|1610||1,00000|UN|255,82|0,00|0|000|5102||255,82|18,00|46,05|0,00|0,00|0,00|0|||0,00|0,00|0,00|01|255,82|0,6500|||1,66|01|255,82|3,0000|||7,67||
|C170|25|2069||20,00000|MT|51,80|0,00|0|060|5405||0,00|0,00|0,00|0,00|0,00|0,00|0|||0,00|0,00|0,00|01|51,80|0,6500|||0,34|01|51,80|3,0000|||1,55||
|C170|26|79||8,00000|UN|6,40|0,00|0|060|5405||0,00|0,00|0,00|0,00|0,00|0,00|0|||0,00|0,00|0,00|01|6,40|0,6500|||0,04|01|6,40|3,0000|||0,19||
|C170|27|2141||30,00000|UN|12,00|0,00|0|060|5405||0,00|0,00|0,00|0,00|0,00|0,00|0|||0,00|0,00|0,00|01|12,00|0,6500|||0,08|01|12,00|3,0000|||0,36||
|C170|28|79||10,00000|UN|8,00|0,00|0|060|5405||0,00|0,00|0,00|0,00|0,00|0,00|0|||0,00|0,00|0,00|01|8,00|0,6500|||0,05|01|8,00|3,0000|||0,24||
|C170|29|3681||1,00000|UN|5,06|0,00|0|060|5405||0,00|0,00|0,00|0,00|0,00|0,00|0|||0,00|0,00|0,00|01|5,06|0,6500|||0,03|01|5,06|3,0000|||0,15||
|C100|1|0|3736|55|00|1|1363|31220741132335000221550010000013631454767295|11072022|11072022|3036,67|1|0,21||3036,67|1|0,00|0,00|0,00|793,52|142,84|0,00|0,00|0,00|19,73|91,12|0,00|0,00|
|C110|000001||
|C110|000002||
|C110|000003||
|C110|000004||
|C110|000005||
|C170|1|7159||10,00000|UN|12,20|0,00|0|060|5405||0,00|0,00|0,00|0,00|0,00|0,00|0|||0,00|0,00|0,00|01|12,20|0,6500|||0,08|01|12,20|3,0000|||0,37||
|C170|2|3871||30,00000|UN|21,30|0,00|0|060|5405||0,00|0,00|0,00|0,00|0,00|0,00|0|||0,00|0,00|0,00|01|21,30|0,6500|||0,14|01|21,30|3,0000|||0,64||
|C170|3|3875||10,00000|UN|50,00|0,00|0|060|5405||0,00|0,00|0,00|0,00|0,00|0,00|0|||0,00|0,00|0,00|01|50,00|0,6500|||0,33|01|50,00|3,0000|||1,50||
|C170|4|678||10,00000|UN|178,09|0,01|0|000|5102||178,09|18,00|32,06|0,00|0,00|0,00|0|||0,00|0,00|0,00|01|178,09|0,6500|||1,16|01|178,09|3,0000|||5,34||
|C170|5|7159||10,00000|UN|12,20|0,00|0|060|5405||0,00|0,00|0,00|0,00|0,00|0,00|0|||0,00|0,00|0,00|01|12,20|0,6500|||0,08|01|12,20|3,0000|||0,37||
|C170|6|216||20,00000|UN|62,20|0,00|0|060|5405||0,00|0,00|0,00|0,00|0,00|0,00|0|||0,00|0,00|0,00|01|62,20|0,6500|||0,40|01|62,20|3,0000|||1,87||
|C170|7|226||30,00000|UN|21,30|0,00|0|060|5405||0,00|0,00|0,00|0,00|0,00|0,00|0|||0,00|0,00|0,00|01|21,30|0,6500|||0,14|01|21,30|3,0000|||0,64||
|C170|8|6111||50,00000|UN|7,50|0,00|0|060|5405||0,00|0,00|0,00|0,00|0,00|0,00|0|||0,00|0,00|0,00|01|7,50|0,6500|||0,05|01|7,50|3,0000|||0,23||
|C170|9|3531||20,00000|UN|391,37|0,03|0|060|5405||0,00|0,00|0,00|0,00|0,00|0,00|0|||0,00|0,00|0,00|01|391,37|0,6500|||2,54|01|391,37|3,0000|||11,74||
|C170|10|843||10,00000|MT|121,79|0,01|0|060|5405||0,00|0,00|0,00|0,00|0,00|0,00|0|||0,00|0,00|0,00|01|121,79|0,6500|||0,79|01|121,79|3,0000|||3,65||
|C170|11|7149||30,00000|UN|25,20|0,00|0|000|5102||25,20|18,00|4,54|0,00|0,00|0,00|0|||0,00|0,00|0,00|01|25,20|0,6500|||0,16|01|25,20|3,0000|||0,76||
|C170|12|692||10,00000|UN|25,20|0,00|0|060|5405||0,00|0,00|0,00|0,00|0,00|0,00|0|||0,00|0,00|0,00|01|25,20|0,6500|||0,16|01|25,20|3,0000|||0,76||
|C170|13|943||20,00000|UN|61,40|0,00|0|060|5405||0,00|0,00|0,00|0,00|0,00|0,00|0|||0,00|0,00|0,00|01|61,40|0,6500|||0,40|01|61,40|3,0000|||1,84||
|C170|14|3871||20,00000|UN|14,20|0,00|0|060|5405||0,00|0,00|0,00|0,00|0,00|0,00|0|||0,00|0,00|0,00|01|14,20|0,6500|||0,09|01|14,20|3,0000|||0,43||
|C170|15|7158||10,00000|UN|87,79|0,01|0|060|5405||0,00|0,00|0,00|0,00|0,00|0,00|0|||0,00|0,00|0,00|01|87,79|0,6500|||0,57|01|87,79|3,0000|||2,63||
|C170|16|803||10,00000|UN|112,99|0,01|0|000|5102||112,99|18,00|20,34|0,00|0,00|0,00|0|||0,00|0,00|0,00|01|112,99|0,6500|||0,73|01|112,99|3,0000|||3,39||
|C170|17|7158||10,00000|UN|87,79|0,01|0|060|5405||0,00|0,00|0,00|0,00|0,00|0,00|0|||0,00|0,00|0,00|01|87,79|0,6500|||0,57|01|87,79|3,0000|||2,63||
|C170|18|941||3,00000|UN|11,58|0,00|0|000|5102||11,58|18,00|2,08|0,00|0,00|0,00|0|||0,00|0,00|0,00|01|11,58|0,6500|||0,08|01|11,58|3,0000|||0,35||
|C170|19|2466||50,00000|UN|10,00|0,00|0|060|5405||0,00|0,00|0,00|0,00|0,00|0,00|0|||0,00|0,00|0,00|01|10,00|0,6500|||0,07|01|10,00|3,0000|||0,30||
|C170|20|1619||30,00000|UN|226,78|0,02|0|000|5102||226,78|18,00|40,82|0,00|0,00|0,00|0|||0,00|0,00|0,00|01|226,78|0,6500|||1,47|01|226,78|3,0000|||6,80||
|C170|21|225||30,00000|UN|31,50|0,00|0|060|5405||0,00|0,00|0,00|0,00|0,00|0,00|0|||0,00|0,00|0,00|01|31,50|0,6500|||0,20|01|31,50|3,0000|||0,95||
|C170|22|107||10,00000|UN|238,88|0,02|0|000|5102||238,88|18,00|43,00|0,00|0,00|0,00|0|||0,00|0,00|0,00|01|238,88|0,6500|||1,55|01|238,88|3,0000|||7,17||
|C170|23|182||20,00000|UN|10,40|0,00|0|060|5405||0,00|0,00|0,00|0,00|0,00|0,00|0|||0,00|0,00|0,00|01|10,40|0,6500|||0,07|01|10,40|3,0000|||0,31||
|C170|24|157||40,00000|MT|519,96|0,04|0|060|5405||0,00|0,00|0,00|0,00|0,00|0,00|0|||0,00|0,00|0,00|01|519,96|0,6500|||3,38|01|519,96|3,0000|||15,60||
|C170|25|4924||10,00000|UN|531,26|0,04|0|060|5405||0,00|0,00|0,00|0,00|0,00|0,00|0|||0,00|0,00|0,00|01|531,26|0,6500|||3,45|01|531,26|3,0000|||15,94||
|C170|26|940||20,00000|UN|74,79|0,01|0|060|5405||0,00|0,00|0,00|0,00|0,00|0,00|0|||0,00|0,00|0,00|01|74,79|0,6500|||0,49|01|74,79|3,0000|||2,24||
|C170|27|7250||20,00000|UN|52,00|0,00|0|060|5405||0,00|0,00|0,00|0,00|0,00|0,00|0|||0,00|0,00|0,00|01|52,00|0,6500|||0,34|01|52,00|3,0000|||1,56||
|C170|28|682||10,00000|UN|37,00|0,00|0|060|5405||0,00|0,00|0,00|0,00|0,00|0,00|0|||0,00|0,00|0,00|01|37,00|0,6500|||0,24|01|37,00|3,0000|||1,11||
|C100|1|0||65|00|001|4525|31220741132335000221650010000045251829593266|12072022|12072022|27,00|0|0,00||27,00|9|0,00|0,00|0,00|0,00|0,00||||0,18|0,81|0,00|0,00|
|C110|000001||
|C110|000002||
|C110|000003||
|C110|000004||
|C110|000005||
|C175|5405|27,00|0,00|01|27,00|0,6500|||0,18|01|27,00|3,0000|||0,81|||
|C100|1|0||65|00|001|4526|31220741132335000221650010000045261849881531|12072022|12072022|40,47|0|0,00||40,47|9|0,00|0,00|0,00|0,00|0,00||||0,26|1,21|0,00|0,00|
|C110|000001||
|C110|000002||
|C110|000003||
|C110|000004||
|C110|000005||
|C175|5405|40,47|0,00|01|40,47|0,6500|||0,26|01|40,47|3,0000|||1,21|||
|C100|1|0||65|00|001|4527|31220741132335000221650010000045271870169796|12072022|12072022|121,41|1|0,00||121,41|9|0,00|0,00|0,00|0,00|0,00||||0,79|3,64|0,00|0,00|
|C110|000001||
|C110|000002||
|C110|000003||
|C110|000004||
|C110|000005||
|C175|5405|121,41|0,00|01|121,41|0,6500|||0,79|01|121,41|3,0000|||3,64|||
|C100|1|0||65|00|001|4528|31220741132335000221650010000045281890458057|12072022|12072022|181,75|0|0,00||181,75|9|0,00|0,00|0,00|0,00|0,00||||1,18|5,46|0,00|0,00|
|C110|000001||
|C110|000002||
|C110|000003||
|C110|000004||
|C110|000005||
|C175|5405|181,75|0,00|01|181,75|0,6500|||1,18|01|181,75|3,0000|||5,46|||
|C100|1|0||65|00|001|4529|31220741132335000221650010000045291910746319|12072022|12072022|5,70|0|0,00||5,70|9|0,00|0,00|0,00|0,00|0,00||||0,04|0,17|0,00|0,00|
|C110|000001||
|C110|000002||
|C110|000003||
|C110|000004||
|C110|000005||
|C175|5405|5,70|0,00|01|5,70|0,6500|||0,04|01|5,70|3,0000|||0,17|||
|C100|1|0||65|00|001|4530|31220741132335000221650010000045301931034572|12072022|12072022|25,70|0|0,00||25,70|9|0,00|0,00|0,00|0,00|0,00||||0,17|0,77|0,00|0,00|
|C110|000001||
|C110|000002||
|C110|000003||
|C110|000004||
|C110|000005||
|C175|5405|25,70|0,00|01|25,70|0,6500|||0,17|01|25,70|3,0000|||0,77|||
|C100|1|0||65|00|001|4531|31220741132335000221650010000045311951322830|12072022|12072022|88,41|0|0,00||88,41|9|0,00|0,00|0,00|0,00|0,00||||0,56|2,65|0,00|0,00|
|C110|000001||
|C110|000002||
|C110|000003||
|C110|000004||
|C110|000005||
|C175|5405|88,41|0,00|01|88,41|0,6500|||0,56|01|88,41|3,0000|||2,65|||
|C100|1|0||65|00|001|4532|31220741132335000221650010000045321971611109|12072022|12072022|436,44|0|0,00||436,44|9|0,00|0,00|0,00|0,00|0,00||||2,84|13,09|0,00|0,00|
|C110|000001||
|C110|000002||
|C110|000003||
|C110|000004||
|C110|000005||
|C175|5405|436,44|0,00|01|436,44|0,6500|||2,84|01|436,44|3,0000|||13,09|||
|C100|1|0||65|00|001|4533|31220741132335000221650010000045331991899369|12072022|12072022|989,26|0|0,00||989,26|9|0,00|0,00|0,00|0,00|0,00||||6,44|29,68|0,00|0,00|
|C110|000001||
|C110|000002||
|C110|000003||
|C110|000004||
|C110|000005||
|C175|5405|989,26|0,00|01|989,26|0,6500|||6,44|01|989,26|3,0000|||29,68|||
|C100|1|0||65|00|001|4534|31220741132335000221650010000045341012187639|12072022|12072022|155,91|0|0,00||155,91|9|0,00|0,00|0,00|0,00|0,00||||1,01|4,68|0,00|0,00|
|C110|000001||
|C110|000002||
|C110|000003||
|C110|000004||
|C110|000005||
|C175|5405|155,91|0,00|01|155,91|0,6500|||1,01|01|155,91|3,0000|||4,68|||
|C100|1|0||65|00|001|4535|31220741132335000221650010000045351032475890|12072022|12072022|19,15|0|0,00||19,15|9|0,00|0,00|0,00|19,15|3,45||||0,12|0,57|0,00|0,00|
|C110|000001||
|C110|000002||
|C110|000003||
|C110|000004||
|C110|000005||
|C175|5102|19,15|0,00|01|19,15|0,6500|||0,12|01|19,15|3,0000|||0,57|||
|C100|1|0||65|00|001|4536|31220741132335000221650010000045361052764151|12072022|12072022|28,19|0|0,00||28,19|9|0,00|0,00|0,00|0,00|0,00||||0,18|0,85|0,00|0,00|
|C110|000001||
|C110|000002||
|C110|000003||
|C110|000004||
|C110|000005||
|C175|5405|28,19|0,00|01|28,19|0,6500|||0,18|01|28,19|3,0000|||0,85|||
|C100|1|0||65|00|001|4537|31220741132335000221650010000045371073052417|12072022|12072022|8,00|0|0,00||8,00|9|0,00|0,00|0,00|8,00|1,44||||0,05|0,24|0,00|0,00|
|C110|000001||
|C110|000002||
|C110|000003||
|C110|000004||
|C110|000005||
|C175|5102|8,00|0,00|01|8,00|0,6500|||0,05|01|8,00|3,0000|||0,24|||
|C100|1|0||65|00|001|4538|31220741132335000221650010000045381093340687|12072022|12072022|28,19|0|0,00||28,19|9|0,00|0,00|0,00|0,00|0,00||||0,18|0,85|0,00|0,00|
|C110|000001||
|C110|000002||
|C110|000003||
|C110|000004||
|C110|000005||
|C175|5405|28,19|0,00|01|28,19|0,6500|||0,18|01|28,19|3,0000|||0,85|||
|C100|1|0||65|00|001|4539|31220741132335000221650010000045391113628947|12072022|12072022|58,44|0|0,00||58,44|9|0,00|0,00|0,00|0,00|0,00||||0,38|1,76|0,00|0,00|
|C110|000001||
|C110|000002||
|C110|000003||
|C110|000004||
|C110|000005||
|C175|5405|58,44|0,00|01|58,44|0,6500|||0,38|01|58,44|3,0000|||1,76|||
|C100|1|0||65|00|001|4540|31220741132335000221650010000045401133917201|12072022|12072022|149,70|1|0,00||149,70|9|0,00|0,00|0,00|0,00|0,00||||0,96|4,50|0,00|0,00|
|C110|000001||
|C110|000002||
|C110|000003||
|C110|000004||
|C110|000005||
|C175|5405|149,70|0,00|01|149,70|0,6500|||0,96|01|149,70|3,0000|||4,50|||
|C100|1|0||65|00|001|4541|31220741132335000221650010000045411154205461|12072022|12072022|11,72|0|0,00||11,72|9|0,00|0,00|0,00|11,72|2,11||||0,08|0,35|0,00|0,00|
|C110|000001||
|C110|000002||
|C110|000003||
|C110|000004||
|C110|000005||
|C175|5102|11,72|0,00|01|11,72|0,6500|||0,08|01|11,72|3,0000|||0,35|||
|C100|1|0|3322|55|00|1|1364|31220741132335000221550010000013641075715162|12072022|12072022|319,80|1|0,00||319,80|1|0,00|0,00|0,00|0,00|0,00|0,00|0,00|0,00|2,07|9,59|0,00|0,00|
|C110|000009||
|C110|000007||
|C110|000012||
|C110|000001||
|C110|000002||
|C110|000003||
|C110|000004||
|C110|000005||
|C170|1|1539||1,00000|UN|33,00|0,00|0|060|5405||0,00|0,00|0,00|0,00|0,00|0,00|0|||0,00|0,00|0,00|01|33,00|0,6500|||0,21|01|33,00|3,0000|||0,99||
|C170|2|584||40,00000|MT|286,80|0,00|0|060|5405||0,00|0,00|0,00|0,00|0,00|0,00|0|||0,00|0,00|0,00|01|286,80|0,6500|||1,86|01|286,80|3,0000|||8,60||
|C100|1|0||65|00|001|4542|31220741132335000221650010000045421174493729|12072022|12072022|499,00|0|0,00||499,00|9|0,00|0,00|0,00|0,00|0,00||||3,24|14,98|0,00|0,00|
|C110|000001||
|C110|000002||
|C110|000003||
|C110|000004||
|C110|000005||
|C175|5405|499,00|0,00|01|499,00|0,6500|||3,24|01|499,00|3,0000|||14,98|||
|C100|1|0||65|00|001|4543|31220741132335000221650010000045431194781980|12072022|12072022|68,23|0|0,00||68,23|9|0,00|0,00|0,00|0,00|0,00||||0,45|2,04|0,00|0,00|
|C110|000001||
|C110|000002||
|C110|000003||
|C110|000004||
|C110|000005||
|C175|5405|68,23|0,00|01|68,23|0,6500|||0,45|01|68,23|3,0000|||2,04|||
|C100|1|0||65|00|001|4544|31220741132335000221650010000045441215070252|12072022|12072022|92,84|0|0,00||92,84|9|0,00|0,00|0,00|0,00|0,00||||0,61|2,77|0,00|0,00|
|C110|000001||
|C110|000002||
|C110|000003||
|C110|000004||
|C110|000005||
|C175|5405|92,84|0,00|01|92,84|0,6500|||0,61|01|92,84|3,0000|||2,77|||
|C100|1|0||65|00|001|4545|31220741132335000221650010000045451235358518|12072022|12072022|71,40|0|0,00||71,40|9|0,00|0,00|0,00|0,00|0,00||||0,47|2,15|0,00|0,00|
|C110|000001||
|C110|000002||
|C110|000003||
|C110|000004||
|C110|000005||
|C175|5405|71,40|0,00|01|71,40|0,6500|||0,47|01|71,40|3,0000|||2,15|||
|C100|1|0||65|00|001|4546|31220741132335000221650010000045461255646770|12072022|12072022|112,09|0|0,00||112,09|9|0,00|0,00|0,00|0,00|0,00||||0,74|3,38|0,00|0,00|
|C110|000001||
|C110|000002||
|C110|000003||
|C110|000004||
|C110|000005||
|C175|5405|112,09|0,00|01|112,09|0,6500|||0,74|01|112,09|3,0000|||3,38|||
|C100|1|0||65|00|001|4547|31220741132335000221650010000045471275935030|12072022|12072022|63,68|0|0,00||63,68|9|0,00|0,00|0,00|0,00|0,00||||0,41|1,91|0,00|0,00|
|C110|000001||
|C110|000002||
|C110|000003||
|C110|000004||
|C110|000005||
|C175|5405|63,68|0,00|01|63,68|0,6500|||0,41|01|63,68|3,0000|||1,91|||
|C100|1|0||65|00|001|4548|31220741132335000221650010000045481296223290|12072022|12072022|284,95|0|0,00||284,95|9|0,00|0,00|0,00|0,00|0,00||||1,85|8,55|0,00|0,00|
|C110|000001||
|C110|000002||
|C110|000003||
|C110|000004||
|C110|000005||
|C175|5405|284,95|0,00|01|284,95|0,6500|||1,85|01|284,95|3,0000|||8,55|||
|C100|1|0||65|00|001|4549|31220741132335000221650010000045491316511552|12072022|12072022|199,50|0|0,00||199,50|9|0,00|0,00|0,00|0,00|0,00||||1,30|5,99|0,00|0,00|
|C110|000001||
|C110|000002||
|C110|000003||
|C110|000004||
|C110|000005||
|C175|5405|199,50|0,00|01|199,50|0,6500|||1,30|01|199,50|3,0000|||5,99|||
|C100|1|0|3487|55|00|1|1366|31220741132335000221550010000013661463854881|13072022|13072022|140,00|1|0,00||140,00|1|0,00|0,00|0,00|0,00|0,00|0,00|0,00|0,00|0,91|4,20|0,00|0,00|
|C110|000018||
|C110|000009||
|C110|000001||
|C110|000002||
|C110|000003||
|C110|000004||
|C110|000005||
|C170|1|6462||40,00000|UN|140,00|0,00|0|060|5405||0,00|0,00|0,00|0,00|0,00|0,00|0|||0,00|0,00|0,00|01|140,00|0,6500|||0,91|01|140,00|3,0000|||4,20||
|C100|1|0||65|00|001|4550|31220741132335000221650010000045501336799811|13072022|13072022|54,58|0|0,00||54,58|9|0,00|0,00|0,00|0,00|0,00||||0,36|1,64|0,00|0,00|
|C110|000001||
|C110|000002||
|C110|000003||
|C110|000004||
|C110|000005||
|C175|5405|54,58|0,00|01|54,58|0,6500|||0,36|01|54,58|3,0000|||1,64|||
|C100|1|0||65|00|001|4551|31220741132335000221650010000045511357088083|13072022|13072022|265,10|0|0,00||265,10|9|0,00|0,00|0,00|7,20|1,30||||1,73|7,96|0,00|0,00|
|C110|000001||
|C110|000002||
|C110|000003||
|C110|000004||
|C110|000005||
|C175|5102|7,20|0,00|01|7,20|0,6500|||0,05|01|7,20|3,0000|||0,22|||
|C175|5405|257,90|0,00|01|257,90|0,6500|||1,68|01|257,90|3,0000|||7,74|||
|C100|1|0||65|00|001|4552|31220741132335000221650010000045521377376340|13072022|13072022|27,60|0|0,00||27,60|9|0,00|0,00|0,00|0,00|0,00||||0,19|0,82|0,00|0,00|
|C110|000001||
|C110|000002||
|C110|000003||
|C110|000004||
|C110|000005||
|C175|5405|27,60|0,00|01|27,60|0,6500|||0,19|01|27,60|3,0000|||0,82|||
|C100|1|0||65|00|001|4553|31220741132335000221650010000045531397664608|13072022|13072022|28,80|0|0,00||28,80|9|0,00|0,00|0,00|0,00|0,00||||0,19|0,86|0,00|0,00|
|C110|000001||
|C110|000002||
|C110|000003||
|C110|000004||
|C110|000005||
|C175|5405|28,80|0,00|01|28,80|0,6500|||0,19|01|28,80|3,0000|||0,86|||
|C100|1|0||65|00|001|4554|31220741132335000221650010000045541417952864|13072022|13072022|74,50|0|0,00||74,50|9|0,00|0,00|0,00|0,00|0,00||||0,48|2,24|0,00|0,00|
|C110|000001||
|C110|000002||
|C110|000003||
|C110|000004||
|C110|000005||
|C175|5405|74,50|0,00|01|74,50|0,6500|||0,48|01|74,50|3,0000|||2,24|||
|C100|1|0||65|00|001|4555|31220741132335000221650010000045551438241123|13072022|13072022|129,15|0|0,00||129,15|9|0,00|0,00|0,00|7,20|1,30||||0,85|3,88|0,00|0,00|
|C110|000001||
|C110|000002||
|C110|000003||
|C110|000004||
|C110|000005||
|C175|5102|7,20|0,00|01|7,20|0,6500|||0,05|01|7,20|3,0000|||0,22|||
|C175|5405|121,95|0,00|01|121,95|0,6500|||0,80|01|121,95|3,0000|||3,66|||
|C100|1|0||65|00|001|4556|31220741132335000221650010000045561458529383|13072022|13072022|50,25|0|0,00||50,25|9|0,00|0,00|0,00|0,00|0,00||||0,33|1,51|0,00|0,00|
|C110|000001||
|C110|000002||
|C110|000003||
|C110|000004||
|C110|000005||
|C175|5405|50,25|0,00|01|50,25|0,6500|||0,33|01|50,25|3,0000|||1,51|||
|C100|1|0||65|00|001|4557|31220741132335000221650010000045571478817659|13072022|13072022|163,60|1|0,00||163,60|9|0,00|0,00|0,00|0,00|0,00||||1,08|4,92|0,00|0,00|
|C110|000001||
|C110|000002||
|C110|000003||
|C110|000004||
|C110|000005||
|C175|5405|163,60|0,00|01|163,60|0,6500|||1,08|01|163,60|3,0000|||4,92|||
|C100|1|0||65|00|001|4558|31220741132335000221650010000045581499105914|13072022|13072022|305,91|1|0,00||305,91|9|0,00|0,00|0,00|0,00|0,00||||1,99|9,17|0,00|0,00|
|C110|000001||
|C110|000002||
|C110|000003||
|C110|000004||
|C110|000005||
|C175|5405|305,91|0,00|01|305,91|0,6500|||1,99|01|305,91|3,0000|||9,17|||
|C100|1|0|3391|55|00|1|1367|31220741132335000221550010000013671536470015|13072022|13072022|108,60|1|0,00||108,60|1|0,00|0,00|0,00|54,60|9,83|0,00|0,00|0,00|0,70|3,26|0,00|0,00|
|C110|000009||
|C110|000001||
|C110|000002||
|C110|000003||
|C110|000004||
|C110|000005||
|C170|1|673||6,00000|UN|33,00|0,00|0|060|5405||0,00|0,00|0,00|0,00|0,00|0,00|0|||0,00|0,00|0,00|01|33,00|0,6500|||0,21|01|33,00|3,0000|||0,99||
|C170|2|623||5,00000|UN|21,00|0,00|0|060|5405||0,00|0,00|0,00|0,00|0,00|0,00|0|||0,00|0,00|0,00|01|21,00|0,6500|||0,14|01|21,00|3,0000|||0,63||
|C170|3|912||2,00000|UN|54,60|0,00|0|000|5102||54,60|18,00|9,83|0,00|0,00|0,00|0|||0,00|0,00|0,00|01|54,60|0,6500|||0,35|01|54,60|3,0000|||1,64||
|C100|1|0|3375|55|00|1|1369|31220741132335000221550010000013691252434353|13072022|13072022|184,50|0|0,00||184,50|1|0,00|0,00|0,00|0,00|0,00|0,00|0,00|0,00|1,20|5,54|0,00|0,00|
|C110|000009||
|C110|000001||
|C110|000002||
|C110|000003||
|C110|000004||
|C110|000005||
|C170|1|5738||5,00000|UN|184,50|0,00|0|060|5405||0,00|0,00|0,00|0,00|0,00|0,00|0|||0,00|0,00|0,00|01|184,50|0,6500|||1,20|01|184,50|3,0000|||5,54||
|C100|1|0|3949|55|00|1|1371|31220741132335000221550010000013711938473151|13072022|13072022|4583,80|1|0,00||4583,80|1|0,00|0,00|0,00|0,00|0,00|0,00|0,00|0,00|29,79|137,51|0,00|0,00|
|C110|000019||
|C110|000020||
|C110|000001||
|C110|000002||
|C110|000003||
|C110|000004||
|C110|000005||
|C170|1|4011||20,00000|UN|259,00|0,00|0|060|5405||0,00|0,00|0,00|0,00|0,00|0,00|0|||0,00|0,00|0,00|01|259,00|0,6500|||1,68|01|259,00|3,0000|||7,77||
|C170|2|4563||50,00000|UN|4245,00|0,00|0|060|5405||0,00|0,00|0,00|0,00|0,00|0,00|0|||0,00|0,00|0,00|01|4245,00|0,6500|||27,59|01|4245,00|3,0000|||127,35||
|C170|3|915||20,00000|UN|79,80|0,00|0|060|5405||0,00|0,00|0,00|0,00|0,00|0,00|0|||0,00|0,00|0,00|01|79,80|0,6500|||0,52|01|79,80|3,0000|||2,39||
|C100|1|0|3167|55|00|1|1372|31220741132335000221550010000013721093340681|13072022|13072022|2999,05|1|29,41||2999,05|1|0,00|0,00|0,00|0,00|0,00|0,00|0,00|0,00|19,51|89,99|0,00|0,00|
|C110|000021||
|C110|000007||
|C110|000022||
|C110|000009||
|C110|000001||
|C110|000002||
|C110|000003||
|C110|000004||
|C110|000005||
|C170|1|3875||1,00000|UN|4,24|0,05|0|060|5405||0,00|0,00|0,00|0,00|0,00|0,00|0|||0,00|0,00|0,00|01|4,24|0,6500|||0,03|01|4,24|3,0000|||0,13||
|C170|2|3895||5,00000|UN|24,82|0,28|0|060|5405||0,00|0,00|0,00|0,00|0,00|0,00|0|||0,00|0,00|0,00|01|24,82|0,6500|||0,16|01|24,82|3,0000|||0,74||
|C170|3|3906||45,00000|UN|404,55|0,00|0|060|5405||0,00|0,00|0,00|0,00|0,00|0,00|0|||0,00|0,00|0,00|01|404,55|0,6500|||2,63|01|404,55|3,0000|||12,14||
|C170|4|190||4,00000|UN|201,40|2,28|0|060|5405||0,00|0,00|0,00|0,00|0,00|0,00|0|||0,00|0,00|0,00|01|201,40|0,6500|||1,31|01|201,40|3,0000|||6,04||
|C170|5|5801||6,00000|UN|29,72|0,34|0|060|5405||0,00|0,00|0,00|0,00|0,00|0,00|0|||0,00|0,00|0,00|01|29,72|0,6500|||0,19|01|29,72|3,0000|||0,89||
|C170|6|3895||1,00000|UN|4,96|0,06|0|060|5405||0,00|0,00|0,00|0,00|0,00|0,00|0|||0,00|0,00|0,00|01|4,96|0,6500|||0,03|01|4,96|3,0000|||0,15||
|C170|7|3786||1,00000|UN|8,49|0,10|0|060|5405||0,00|0,00|0,00|0,00|0,00|0,00|0|||0,00|0,00|0,00|01|8,49|0,6500|||0,06|01|8,49|3,0000|||0,25||
|C170|8|3874||3,00000|UN|13,50|0,15|0|060|5405||0,00|0,00|0,00|0,00|0,00|0,00|0|||0,00|0,00|0,00|01|13,50|0,6500|||0,09|01|13,50|3,0000|||0,41||
|C170|9|3818||20,00000|MT|26,30|0,30|0|060|5405||0,00|0,00|0,00|0,00|0,00|0,00|0|||0,00|0,00|0,00|01|26,30|0,6500|||0,17|01|26,30|3,0000|||0,79||
|C170|10|3986||3,00000|UN|91,78|1,04|0|060|5405||0,00|0,00|0,00|0,00|0,00|0,00|0|||0,00|0,00|0,00|01|91,78|0,6500|||0,60|01|91,78|3,0000|||2,75||
|C170|11|3897||1,00000|UN|15,30|0,17|0|060|5405||0,00|0,00|0,00|0,00|0,00|0,00|0|||0,00|0,00|0,00|01|15,30|0,6500|||0,10|01|15,30|3,0000|||0,46||
|C170|12|3873||1,00000|UN|4,96|0,06|0|060|5405||0,00|0,00|0,00|0,00|0,00|0,00|0|||0,00|0,00|0,00|01|4,96|0,6500|||0,03|01|4,96|3,0000|||0,15||
|C170|13|3791||4,00000|UN|33,94|0,38|0|060|5405||0,00|0,00|0,00|0,00|0,00|0,00|0|||0,00|0,00|0,00|01|33,94|0,6500|||0,22|01|33,94|3,0000|||1,02||
|C170|14|551||4,00000|UN|50,74|0,58|0|060|5405||0,00|0,00|0,00|0,00|0,00|0,00|0|||0,00|0,00|0,00|01|50,74|0,6500|||0,33|01|50,74|3,0000|||1,52||
|C170|15|3807||2,00000|UN|59,92|0,68|0|060|5405||0,00|0,00|0,00|0,00|0,00|0,00|0|||0,00|0,00|0,00|01|59,92|0,6500|||0,39|01|59,92|3,0000|||1,80||
|C170|16|3898||1,00000|UN|6,68|0,08|0|060|5405||0,00|0,00|0,00|0,00|0,00|0,00|0|||0,00|0,00|0,00|01|6,68|0,6500|||0,04|01|6,68|3,0000|||0,20||
|C170|17|3900||1,00000|UN|8,24|0,09|0|060|5405||0,00|0,00|0,00|0,00|0,00|0,00|0|||0,00|0,00|0,00|01|8,24|0,6500|||0,05|01|8,24|3,0000|||0,25||
|C170|18|3895||1,00000|UN|4,96|0,06|0|060|5405||0,00|0,00|0,00|0,00|0,00|0,00|0|||0,00|0,00|0,00|01|4,96|0,6500|||0,03|01|4,96|3,0000|||0,15||
|C170|19|237||30,00000|UN|8,90|0,10|0|060|5405||0,00|0,00|0,00|0,00|0,00|0,00|0|||0,00|0,00|0,00|01|8,90|0,6500|||0,06|01|8,90|3,0000|||0,27||
|C170|20|5169||1,00000|UN|192,39|2,18|0|060|5405||0,00|0,00|0,00|0,00|0,00|0,00|0|||0,00|0,00|0,00|01|192,39|0,6500|||1,25|01|192,39|3,0000|||5,77||
|C170|21|3899||10,00000|UN|26,01|0,29|0|060|5405||0,00|0,00|0,00|0,00|0,00|0,00|0|||0,00|0,00|0,00|01|26,01|0,6500|||0,17|01|26,01|3,0000|||0,78||
|C170|22|3875||3,00000|UN|12,73|0,14|0|060|5405||0,00|0,00|0,00|0,00|0,00|0,00|0|||0,00|0,00|0,00|01|12,73|0,6500|||0,08|01|12,73|3,0000|||0,38||
|C170|23|3873||3,00000|UN|14,89|0,17|0|060|5405||0,00|0,00|0,00|0,00|0,00|0,00|0|||0,00|0,00|0,00|01|14,89|0,6500|||0,10|01|14,89|3,0000|||0,45||
|C170|24|3905||15,00000|UN|131,71|1,49|0|060|5405||0,00|0,00|0,00|0,00|0,00|0,00|0|||0,00|0,00|0,00|01|131,71|0,6500|||0,86|01|131,71|3,0000|||3,95||
|C170|25|3801||2,00000|UN|57,92|0,66|0|060|5405||0,00|0,00|0,00|0,00|0,00|0,00|0|||0,00|0,00|0,00|01|57,92|0,6500|||0,38|01|57,92|3,0000|||1,74||
|C170|26|3787||1,00000|UN|28,95|0,33|0|060|5405||0,00|0,00|0,00|0,00|0,00|0,00|0|||0,00|0,00|0,00|01|28,95|0,6500|||0,19|01|28,95|3,0000|||0,87||
|C170|27|3891||18,00000|UN|87,03|0,99|0|060|5405||0,00|0,00|0,00|0,00|0,00|0,00|0|||0,00|0,00|0,00|01|87,03|0,6500|||0,57|01|87,03|3,0000|||2,61||
|C170|28|4174||2,00000|UN|8,33|0,09|0|060|5405||0,00|0,00|0,00|0,00|0,00|0,00|0|||0,00|0,00|0,00|01|8,33|0,6500|||0,05|01|8,33|3,0000|||0,25||
|C170|29|3874||2,00000|UN|9,00|0,10|0|060|5405||0,00|0,00|0,00|0,00|0,00|0,00|0|||0,00|0,00|0,00|01|9,00|0,6500|||0,06|01|9,00|3,0000|||0,27||
|C170|30|3873||6,00000|UN|29,78|0,34|0|060|5405||0,00|0,00|0,00|0,00|0,00|0,00|0|||0,00|0,00|0,00|01|29,78|0,6500|||0,19|01|29,78|3,0000|||0,89||
|C170|31|4195||8,00000|UN|449,78|5,10|0|060|5405||0,00|0,00|0,00|0,00|0,00|0,00|0|||0,00|0,00|0,00|01|449,78|0,6500|||2,92|01|449,78|3,0000|||13,49||
|C170|32|3904||1,00000|UN|6,93|0,08|0|060|5405||0,00|0,00|0,00|0,00|0,00|0,00|0|||0,00|0,00|0,00|01|6,93|0,6500|||0,05|01|6,93|3,0000|||0,21||
|C170|33|3895||4,00000|UN|19,85|0,23|0|060|5405||0,00|0,00|0,00|0,00|0,00|0,00|0|||0,00|0,00|0,00|01|19,85|0,6500|||0,13|01|19,85|3,0000|||0,60||
|C170|34|3786||1,00000|UN|8,49|0,10|0|060|5405||0,00|0,00|0,00|0,00|0,00|0,00|0|||0,00|0,00|0,00|01|8,49|0,6500|||0,06|01|8,49|3,0000|||0,25||
|C170|35|3890||1,00000|UN|4,80|0,05|0|060|5405||0,00|0,00|0,00|0,00|0,00|0,00|0|||0,00|0,00|0,00|01|4,80|0,6500|||0,03|01|4,80|3,0000|||0,14||
|C170|36|1943||5,00000|UN|195,19|2,21|0|060|5405||0,00|0,00|0,00|0,00|0,00|0,00|0|||0,00|0,00|0,00|01|195,19|0,6500|||1,27|01|195,19|3,0000|||5,86||
|C170|37|3987||10,00000|UN|345,39|3,91|0|060|5405||0,00|0,00|0,00|0,00|0,00|0,00|0|||0,00|0,00|0,00|01|345,39|0,6500|||2,25|01|345,39|3,0000|||10,36||
|C170|38|3789||4,00000|UN|33,94|0,38|0|060|5405||0,00|0,00|0,00|0,00|0,00|0,00|0|||0,00|0,00|0,00|01|33,94|0,6500|||0,22|01|33,94|3,0000|||1,02||
|C170|39|3904||8,00000|UN|55,45|0,63|0|060|5405||0,00|0,00|0,00|0,00|0,00|0,00|0|||0,00|0,00|0,00|01|55,45|0,6500|||0,36|01|55,45|3,0000|||1,66||
|C170|40|3895||3,00000|UN|14,89|0,17|0|060|5405||0,00|0,00|0,00|0,00|0,00|0,00|0|||0,00|0,00|0,00|01|14,89|0,6500|||0,10|01|14,89|3,0000|||0,45||
|C170|41|467||2,00000|UN|6,88|0,08|0|060|5405||0,00|0,00|0,00|0,00|0,00|0,00|0|||0,00|0,00|0,00|01|6,88|0,6500|||0,04|01|6,88|3,0000|||0,21||
|C170|42|915||13,00000|UN|51,93|0,59|0|060|5405||0,00|0,00|0,00|0,00|0,00|0,00|0|||0,00|0,00|0,00|01|51,93|0,6500|||0,34|01|51,93|3,0000|||1,56||
|C170|43|3874||3,00000|UN|13,50|0,15|0|060|5405||0,00|0,00|0,00|0,00|0,00|0,00|0|||0,00|0,00|0,00|01|13,50|0,6500|||0,09|01|13,50|3,0000|||0,41||
|C170|44|3874||3,00000|UN|13,50|0,15|0|060|5405||0,00|0,00|0,00|0,00|0,00|0,00|0|||0,00|0,00|0,00|01|13,50|0,6500|||0,09|01|13,50|3,0000|||0,41||
|C170|45|3873||1,00000|UN|4,96|0,06|0|060|5405||0,00|0,00|0,00|0,00|0,00|0,00|0|||0,00|0,00|0,00|01|4,96|0,6500|||0,03|01|4,96|3,0000|||0,15||
|C170|46|3897||6,00000|UN|91,78|1,04|0|060|5405||0,00|0,00|0,00|0,00|0,00|0,00|0|||0,00|0,00|0,00|01|91,78|0,6500|||0,60|01|91,78|3,0000|||2,75||
|C170|47|3810||1,00000|UN|28,95|0,33|0|060|5405||0,00|0,00|0,00|0,00|0,00|0,00|0|||0,00|0,00|0,00|01|28,95|0,6500|||0,19|01|28,95|3,0000|||0,87||
|C170|48|214||12,00000|UN|16,14|0,18|0|060|5405||0,00|0,00|0,00|0,00|0,00|0,00|0|||0,00|0,00|0,00|01|16,14|0,6500|||0,10|01|16,14|3,0000|||0,48||
|C170|49|5558||3,00000|UN|34,56|0,39|0|060|5405||0,00|0,00|0,00|0,00|0,00|0,00|0|||0,00|0,00|0,00|01|34,56|0,6500|||0,22|01|34,56|3,0000|||1,04||
|C100|1|0||65|00|001|4559|31220741132335000221650010000045591519394174|13072022|13072022|90,67|0|0,00||90,67|9|0,00|0,00|0,00|0,00|0,00||||0,62|2,73|0,00|0,00|
|C110|000001||
|C110|000002||
|C110|000003||
|C110|000004||
|C110|000005||
|C175|5405|90,67|0,00|01|90,67|0,6500|||0,62|01|90,67|3,0000|||2,73|||
|C100|1|0||65|00|001|4560|31220741132335000221650010000045601539682435|13072022|13072022|24,57|0|0,00||24,57|9|0,00|0,00|0,00|24,57|4,42||||0,16|0,74|0,00|0,00|
|C110|000001||
|C110|000002||
|C110|000003||
|C110|000004||
|C110|000005||
|C175|5102|24,57|0,00|01|24,57|0,6500|||0,16|01|24,57|3,0000|||0,74|||
|C100|1|0||65|00|001|4561|31220741132335000221650010000045611559970697|13072022|13072022|175,49|0|0,00||175,49|9|0,00|0,00|0,00|0,00|0,00||||1,13|5,27|0,00|0,00|
|C110|000001||
|C110|000002||
|C110|000003||
|C110|000004||
|C110|000005||
|C175|5405|175,49|0,00|01|175,49|0,6500|||1,13|01|175,49|3,0000|||5,27|||
|C100|1|0||65|00|001|4562|31220741132335000221650010000045621580258957|13072022|13072022|117,67|0|0,00||117,67|9|0,00|0,00|0,00|0,00|0,00||||0,76|3,53|0,00|0,00|
|C110|000001||
|C110|000002||
|C110|000003||
|C110|000004||
|C110|000005||
|C175|5405|117,67|0,00|01|117,67|0,6500|||0,76|01|117,67|3,0000|||3,53|||
|C100|1|0|3316|55|00|1|1373|31220741132335000221550010000013731136579955|13072022|13072022|237,00|1|0,00||237,00|1|0,00|0,00|0,00|0,00|0,00|0,00|0,00|0,00|1,54|7,11|0,00|0,00|
|C110|000023||
|C110|000007||
|C110|000012||
|C110|000009||
|C110|000001||
|C110|000002||
|C110|000003||
|C110|000004||
|C110|000005||
|C170|1|4196||4,00000|UN|237,00|0,00|0|060|5405||0,00|0,00|0,00|0,00|0,00|0,00|0|||0,00|0,00|0,00|01|237,00|0,6500|||1,54|01|237,00|3,0000|||7,11||
|C100|1|0||65|00|001|4563|31220741132335000221650010000045631600547220|16072022|16072022|69,90|0|0,00||69,90|9|0,00|0,00|0,00|0,00|0,00||||0,45|2,10|0,00|0,00|
|C110|000001||
|C110|000002||
|C110|000003||
|C110|000004||
|C110|000005||
|C175|5405|69,90|0,00|01|69,90|0,6500|||0,45|01|69,90|3,0000|||2,10|||
|C100|1|0||65|00|001|4564|31220741132335000221650010000045641620835482|13072022|13072022|18,55|0|0,00||18,55|9|0,00|0,00|0,00|0,00|0,00||||0,13|0,56|0,00|0,00|
|C110|000001||
|C110|000002||
|C110|000003||
|C110|000004||
|C110|000005||
|C175|5405|18,55|0,00|01|18,55|0,6500|||0,13|01|18,55|3,0000|||0,56|||
|C100|1|0||65|00|001|4565|31220741132335000221650010000045651641123748|13072022|13072022|162,00|0|0,00||162,00|9|0,00|0,00|0,00|0,00|0,00||||1,05|4,86|0,00|0,00|
|C110|000001||
|C110|000002||
|C110|000003||
|C110|000004||
|C110|000005||
|C175|5405|162,00|0,00|01|162,00|0,6500|||1,05|01|162,00|3,0000|||4,86|||
|C100|1|0||65|00|001|4566|31220741132335000221650010000045661661412009|14072022|14072022|20,38|0|0,00||20,38|9|0,00|0,00|0,00|0,00|0,00||||0,13|0,61|0,00|0,00|
|C110|000001||
|C110|000002||
|C110|000003||
|C110|000004||
|C110|000005||
|C175|5405|20,38|0,00|01|20,38|0,6500|||0,13|01|20,38|3,0000|||0,61|||
|C100|1|0||65|00|001|4567|31220741132335000221650010000045671681700260|14072022|14072022|581,27|0|0,00||581,27|9|0,00|0,00|0,00|0,00|0,00||||3,78|17,43|0,00|0,00|
|C110|000001||
|C110|000002||
|C110|000003||
|C110|000004||
|C110|000005||
|C175|5405|581,27|0,00|01|581,27|0,6500|||3,78|01|581,27|3,0000|||17,43|||
|C100|1|0||65|00|001|4568|31220741132335000221650010000045681701988520|14072022|14072022|58,90|0|0,00||58,90|9|0,00|0,00|0,00|0,00|0,00||||0,38|1,77|0,00|0,00|
|C110|000001||
|C110|000002||
|C110|000003||
|C110|000004||
|C110|000005||
|C175|5405|58,90|0,00|01|58,90|0,6500|||0,38|01|58,90|3,0000|||1,77|||
|C100|1|0||65|00|001|4569|31220741132335000221650010000045691722276799|14072022|14072022|241,25|1|0,00||241,25|9|0,00|0,00|0,00|0,00|0,00||||1,57|7,23|0,00|0,00|
|C110|000001||
|C110|000002||
|C110|000003||
|C110|000004||
|C110|000005||
|C175|5405|241,25|0,00|01|241,25|0,6500|||1,57|01|241,25|3,0000|||7,23|||
|C100|1|0||65|00|001|4570|31220741132335000221650010000045701742565053|14072022|14072022|232,06|0|0,00||232,06|9|0,00|0,00|0,00|0,00|0,00||||1,52|6,96|0,00|0,00|
|C110|000001||
|C110|000002||
|C110|000003||
|C110|000004||
|C110|000005||
|C175|5405|232,06|0,00|01|232,06|0,6500|||1,52|01|232,06|3,0000|||6,96|||
|C100|1|0||65|00|001|4571|31220741132335000221650010000045711762853310|14072022|14072022|57,12|0|0,00||57,12|9|0,00|0,00|0,00|0,00|0,00||||0,38|1,72|0,00|0,00|
|C110|000001||
|C110|000002||
|C110|000003||
|C110|000004||
|C110|000005||
|C175|5405|57,12|0,00|01|57,12|0,6500|||0,38|01|57,12|3,0000|||1,72|||
|C100|1|0||65|00|001|4572|31220741132335000221650010000045721783141570|14072022|14072022|994,19|1|0,00||994,19|9|0,00|0,00|0,00|0,00|0,00||||6,45|29,82|0,00|0,00|
|C110|000001||
|C110|000002||
|C110|000003||
|C110|000004||
|C110|000005||
|C175|5405|994,19|0,00|01|994,19|0,6500|||6,45|01|994,19|3,0000|||29,82|||
|C100|1|0||65|00|001|4573|31220741132335000221650010000045731803429830|14072022|14072022|219,97|0|0,00||219,97|9|0,00|0,00|0,00|0,00|0,00||||1,43|6,59|0,00|0,00|
|C110|000001||
|C110|000002||
|C110|000003||
|C110|000004||
|C110|000005||
|C175|5405|219,97|0,00|01|219,97|0,6500|||1,43|01|219,97|3,0000|||6,59|||
|C100|1|0||65|00|001|4574|31220741132335000221650010000045741823718096|14072022|14072022|41,80|0|0,00||41,80|9|0,00|0,00|0,00|0,00|0,00||||0,27|1,25|0,00|0,00|
|C110|000001||
|C110|000002||
|C110|000003||
|C110|000004||
|C110|000005||
|C175|5405|41,80|0,00|01|41,80|0,6500|||0,27|01|41,80|3,0000|||1,25|||
|C100|1|0||65|00|001|4575|31220741132335000221650010000045751844006360|14072022|14072022|19,70|0|0,00||19,70|9|0,00|0,00|0,00|0,00|0,00||||0,13|0,58|0,00|0,00|
|C110|000001||
|C110|000002||
|C110|000003||
|C110|000004||
|C110|000005||
|C175|5405|19,70|0,00|01|19,70|0,6500|||0,13|01|19,70|3,0000|||0,58|||
|C100|1|0||65|00|001|4576|31220741132335000221650010000045761864294627|14072022|14072022|12,60|0|0,00||12,60|9|0,00|0,00|0,00|0,00|0,00||||0,08|0,38|0,00|0,00|
|C110|000001||
|C110|000002||
|C110|000003||
|C110|000004||
|C110|000005||
|C175|5405|12,60|0,00|01|12,60|0,6500|||0,08|01|12,60|3,0000|||0,38|||
|C100|1|0|3157|55|00|1|1376|31220741132335000221550010000013761971611106|14072022|14072022|3185,01|1|12,85||3185,01|1|0,00|0,00|0,00|133,71|24,07|0,00|0,00|0,00|20,72|95,58|0,00|0,00|
|C110|000024||
|C110|000009||
|C110|000001||
|C110|000002||
|C110|000003||
|C110|000004||
|C110|000005||
|C170|1|5870||2,00000|UN|119,32|0,48|0|060|5405||0,00|0,00|0,00|0,00|0,00|0,00|0|||0,00|0,00|0,00|01|119,32|0,6500|||0,78|01|119,32|3,0000|||3,58||
|C170|2|1242||2,00000|UN|7,17|0,03|0|060|5405||0,00|0,00|0,00|0,00|0,00|0,00|0|||0,00|0,00|0,00|01|7,17|0,6500|||0,05|01|7,17|3,0000|||0,22||
|C170|3|3157||25,00000|UN|612,53|2,47|0|060|5405||0,00|0,00|0,00|0,00|0,00|0,00|0|||0,00|0,00|0,00|01|612,53|0,6500|||3,98|01|612,53|3,0000|||18,38||
|C170|4|1556||70,00000|UN|13,94|0,06|0|060|5405||0,00|0,00|0,00|0,00|0,00|0,00|0|||0,00|0,00|0,00|01|13,94|0,6500|||0,09|01|13,94|3,0000|||0,42||
|C170|5|1405||25,00000|UN|7,47|0,03|0|060|5405||0,00|0,00|0,00|0,00|0,00|0,00|0|||0,00|0,00|0,00|01|7,47|0,6500|||0,05|01|7,47|3,0000|||0,22||
|C170|6|466||1,00000|UN|6,22|0,03|0|060|5405||0,00|0,00|0,00|0,00|0,00|0,00|0|||0,00|0,00|0,00|01|6,22|0,6500|||0,04|01|6,22|3,0000|||0,19||
|C170|7|4424||62,00000|UN|24,70|0,10|0|060|5405||0,00|0,00|0,00|0,00|0,00|0,00|0|||0,00|0,00|0,00|01|24,70|0,6500|||0,16|01|24,70|3,0000|||0,74||
|C170|8|466||1,00000|UN|6,22|0,03|0|060|5405||0,00|0,00|0,00|0,00|0,00|0,00|0|||0,00|0,00|0,00|01|6,22|0,6500|||0,04|01|6,22|3,0000|||0,19||
|C170|9|2063||30,00000|MT|48,11|0,19|0|060|5405||0,00|0,00|0,00|0,00|0,00|0,00|0|||0,00|0,00|0,00|01|48,11|0,6500|||0,31|01|48,11|3,0000|||1,44||
|C170|10|2348||4,00000|UN|22,91|0,09|0|060|5405||0,00|0,00|0,00|0,00|0,00|0,00|0|||0,00|0,00|0,00|01|22,91|0,6500|||0,15|01|22,91|3,0000|||0,69||
|C170|11|2063||18,00000|MT|28,86|0,12|0|060|5405||0,00|0,00|0,00|0,00|0,00|0,00|0|||0,00|0,00|0,00|01|28,86|0,6500|||0,19|01|28,86|3,0000|||0,87||
|C170|12|1596||12,00000|UN|45,54|0,18|0|060|5405||0,00|0,00|0,00|0,00|0,00|0,00|0|||0,00|0,00|0,00|01|45,54|0,6500|||0,30|01|45,54|3,0000|||1,37||
|C170|13|1237||4,50000|UN|574,80|2,33|0|060|5405||0,00|0,00|0,00|0,00|0,00|0,00|0|||0,00|0,00|0,00|01|574,80|0,6500|||3,74|01|574,80|3,0000|||17,24||
|C170|14|5870||5,00000|UN|298,30|1,20|0|060|5405||0,00|0,00|0,00|0,00|0,00|0,00|0|||0,00|0,00|0,00|01|298,30|0,6500|||1,94|01|298,30|3,0000|||8,95||
|C170|15|1598||15,00000|MT|133,71|0,54|0|000|5102||133,71|18,00|24,07|0,00|0,00|0,00|0|||0,00|0,00|0,00|01|133,71|0,6500|||0,87|01|133,71|3,0000|||4,01||
|C170|16|1556||25,00000|UN|4,98|0,02|0|060|5405||0,00|0,00|0,00|0,00|0,00|0,00|0|||0,00|0,00|0,00|01|4,98|0,6500|||0,03|01|4,98|3,0000|||0,15||
|C170|17|1405||70,00000|UN|20,92|0,08|0|060|5405||0,00|0,00|0,00|0,00|0,00|0,00|0|||0,00|0,00|0,00|01|20,92|0,6500|||0,14|01|20,92|3,0000|||0,63||
|C170|18|3925||25,00000|UN|624,98|2,52|0|060|5405||0,00|0,00|0,00|0,00|0,00|0,00|0|||0,00|0,00|0,00|01|624,98|0,6500|||4,06|01|624,98|3,0000|||18,75||
|C170|19|2141||8,00000|UN|3,19|0,01|0|060|5405||0,00|0,00|0,00|0,00|0,00|0,00|0|||0,00|0,00|0,00|01|3,19|0,6500|||0,02|01|3,19|3,0000|||0,10||
|C170|20|2067||30,00000|MT|48,11|0,19|0|060|5405||0,00|0,00|0,00|0,00|0,00|0,00|0|||0,00|0,00|0,00|01|48,11|0,6500|||0,31|01|48,11|3,0000|||1,44||
|C170|21|1404||10,00000|UN|67,73|0,27|0|060|5405||0,00|0,00|0,00|0,00|0,00|0,00|0|||0,00|0,00|0,00|01|67,73|0,6500|||0,44|01|67,73|3,0000|||2,03||
|C170|22|2067||18,00000|MT|28,86|0,12|0|060|5405||0,00|0,00|0,00|0,00|0,00|0,00|0|||0,00|0,00|0,00|01|28,86|0,6500|||0,19|01|28,86|3,0000|||0,87||
|C170|23|2141||8,00000|UN|3,19|0,01|0|060|5405||0,00|0,00|0,00|0,00|0,00|0,00|0|||0,00|0,00|0,00|01|3,19|0,6500|||0,02|01|3,19|3,0000|||0,10||
|C170|24|494||50,00000|UN|433,25|1,75|0|060|5405||0,00|0,00|0,00|0,00|0,00|0,00|0|||0,00|0,00|0,00|01|433,25|0,6500|||2,82|01|433,25|3,0000|||13,00||
|C100|1|0||65|00|001|4577|31220741132335000221650010000045771884582889|14072022|14072022|2490,71|0|0,00||2490,71|9|0,00|0,00|0,00|76,70|13,81||||16,20|74,76|0,00|0,00|
|C110|000001||
|C110|000002||
|C110|000003||
|C110|000004||
|C110|000005||
|C175|5102|76,70|0,00|01|76,70|0,6500|||0,50|01|76,70|3,0000|||2,30|||
|C175|5405|2414,01|0,00|01|2414,01|0,6500|||15,70|01|2414,01|3,0000|||72,46|||
|C100|1|0||65|00|001|4578|31220741132335000221650010000045781904871144|14072022|14072022|114,41|0|0,00||114,41|9|0,00|0,00|0,00|0,00|0,00||||0,75|3,42|0,00|0,00|
|C110|000001||
|C110|000002||
|C110|000003||
|C110|000004||
|C110|000005||
|C175|5405|114,41|0,00|01|114,41|0,6500|||0,75|01|114,41|3,0000|||3,42|||
|C100|1|0|3192|55|00|1|1377|31220741132335000221550010000013771701988522|14072022|14072022|1090,30|1|0,00||1090,30|1|0,00|0,00|0,00|0,00|0,00|0,00|0,00|0,00|7,09|32,71|0,00|0,00|
|C110|000009||
|C110|000001||
|C110|000002||
|C110|000003||
|C110|000004||
|C110|000005||
|C170|1|331||10,00000|UN|12,10|0,00|0|060|5405||0,00|0,00|0,00|0,00|0,00|0,00|0|||0,00|0,00|0,00|01|12,10|0,6500|||0,08|01|12,10|3,0000|||0,36||
|C170|2|209||18,00000|UN|1078,20|0,00|0|060|5405||0,00|0,00|0,00|0,00|0,00|0,00|0|||0,00|0,00|0,00|01|1078,20|0,6500|||7,01|01|1078,20|3,0000|||32,35||
|C100|1|0|3094|55|00|1|1378|31220741132335000221550010000013781734027138|14072022|14072022|485,85|1|0,00||485,85|1|0,00|0,00|0,00|34,40|6,20|0,00|0,00|0,00|3,15|14,58|0,00|0,00|
|C110|000009||
|C110|000001||
|C110|000002||
|C110|000003||
|C110|000004||
|C110|000005||
|C170|1|208||2,00000|UN|19,00|0,00|0|060|5405||0,00|0,00|0,00|0,00|0,00|0,00|0|||0,00|0,00|0,00|01|19,00|0,6500|||0,12|01|19,00|3,0000|||0,57||
|C170|2|2114||65,00000|MT|367,25|0,00|0|060|5405||0,00|0,00|0,00|0,00|0,00|0,00|0|||0,00|0,00|0,00|01|367,25|0,6500|||2,39|01|367,25|3,0000|||11,02||
|C170|3|941||2,00000|UN|9,20|0,00|0|000|5102||9,20|18,00|1,66|0,00|0,00|0,00|0|||0,00|0,00|0,00|01|9,20|0,6500|||0,06|01|9,20|3,0000|||0,28||
|C170|4|804||2,00000|UN|25,20|0,00|0|000|5102||25,20|18,00|4,54|0,00|0,00|0,00|0|||0,00|0,00|0,00|01|25,20|0,6500|||0,16|01|25,20|3,0000|||0,76||
|C170|5|3053||2,00000|UN|8,40|0,00|0|060|5405||0,00|0,00|0,00|0,00|0,00|0,00|0|||0,00|0,00|0,00|01|8,40|0,6500|||0,05|01|8,40|3,0000|||0,25||
|C170|6|7786||2,00000|UN|56,80|0,00|0|060|5405||0,00|0,00|0,00|0,00|0,00|0,00|0|||0,00|0,00|0,00|01|56,80|0,6500|||0,37|01|56,80|3,0000|||1,70||
|C100|1|0||65|00|001|4579|31220741132335000221650010000045791925159408|14072022|14072022|43,70|0|0,00||43,70|9|0,00|0,00|0,00|0,00|0,00||||0,28|1,32|0,00|0,00|
|C110|000001||
|C110|000002||
|C110|000003||
|C110|000004||
|C110|000005||
|C175|5405|43,70|0,00|01|43,70|0,6500|||0,28|01|43,70|3,0000|||1,32|||
|C100|1|0||65|00|001|4580|31220741132335000221650010000045801945447663|14072022|14072022|1012,77|1|0,00||1012,77|9|0,00|0,00|0,00|963,14|173,37||||6,58|30,38|0,00|0,00|
|C110|000001||
|C110|000002||
|C110|000003||
|C110|000004||
|C110|000005||
|C175|5102|963,14|0,00|01|963,14|0,6500|||6,26|01|963,14|3,0000|||28,89|||
|C175|5405|49,63|0,00|01|49,63|0,6500|||0,32|01|49,63|3,0000|||1,49|||
|C100|1|0|3952|55|00|1|1380|31220741132335000221550010000013801181932302|14072022|14072022|2211,18|0|0,00||2211,18|1|0,00|0,00|0,00|1282,44|230,83|0,00|0,00|0,00|14,37|66,33|0,00|0,00|
|C110|000025||
|C110|000026||
|C110|000001||
|C110|000002||
|C110|000003||
|C110|000004||
|C110|000005||
|C170|1|99||4,00000|UN|7,36|0,00|0|060|5405||0,00|0,00|0,00|0,00|0,00|0,00|0|||0,00|0,00|0,00|01|7,36|0,6500|||0,05|01|7,36|3,0000|||0,22||
|C170|2|79||8,00000|UN|5,12|0,00|0|060|5405||0,00|0,00|0,00|0,00|0,00|0,00|0|||0,00|0,00|0,00|01|5,12|0,6500|||0,03|01|5,12|3,0000|||0,15||
|C170|3|199||4,00000|UN|7,84|0,00|0|060|5405||0,00|0,00|0,00|0,00|0,00|0,00|0|||0,00|0,00|0,00|01|7,84|0,6500|||0,05|01|7,84|3,0000|||0,24||
|C170|4|129||7,00000|UN|192,36|0,00|0|060|5405||0,00|0,00|0,00|0,00|0,00|0,00|0|||0,00|0,00|0,00|01|192,36|0,6500|||1,25|01|192,36|3,0000|||5,77||
|C170|5|4127||1,00000|UN|218,56|0,00|0|000|5102||218,56|18,00|39,34|0,00|0,00|0,00|0|||0,00|0,00|0,00|01|218,56|0,6500|||1,42|01|218,56|3,0000|||6,56||
|C170|6|56||1,00000|UN|69,24|0,00|0|000|5102||69,24|18,00|12,46|0,00|0,00|0,00|0|||0,00|0,00|0,00|01|69,24|0,6500|||0,45|01|69,24|3,0000|||2,08||
|C170|7|777||1,00000|UN|14,51|0,00|0|000|5102||14,51|18,00|2,61|0,00|0,00|0,00|0|||0,00|0,00|0,00|01|14,51|0,6500|||0,09|01|14,51|3,0000|||0,44||
|C170|8|3025||2,00000|UN|212,40|0,00|0|000|5102||212,40|18,00|38,23|0,00|0,00|0,00|0|||0,00|0,00|0,00|01|212,40|0,6500|||1,38|01|212,40|3,0000|||6,37||
|C170|9|2877||1,00000|UN|50,08|0,00|0|060|5405||0,00|0,00|0,00|0,00|0,00|0,00|0|||0,00|0,00|0,00|01|50,08|0,6500|||0,33|01|50,08|3,0000|||1,50||
|C170|10|599||2,00000|UN|279,20|0,00|0|060|5405||0,00|0,00|0,00|0,00|0,00|0,00|0|||0,00|0,00|0,00|01|279,20|0,6500|||1,81|01|279,20|3,0000|||8,38||
|C170|11|124||1,00000|UN|15,69|0,00|0|060|5405||0,00|0,00|0,00|0,00|0,00|0,00|0|||0,00|0,00|0,00|01|15,69|0,6500|||0,10|01|15,69|3,0000|||0,47||
|C170|12|5480||1,00000|UN|37,80|0,00|0|060|5405||0,00|0,00|0,00|0,00|0,00|0,00|0|||0,00|0,00|0,00|01|37,80|0,6500|||0,25|01|37,80|3,0000|||1,13||
|C170|13|88||1,00000|UN|3,72|0,00|0|060|5405||0,00|0,00|0,00|0,00|0,00|0,00|0|||0,00|0,00|0,00|01|3,72|0,6500|||0,02|01|3,72|3,0000|||0,11||
|C170|14|139||1,00000|UN|13,44|0,00|0|060|5405||0,00|0,00|0,00|0,00|0,00|0,00|0|||0,00|0,00|0,00|01|13,44|0,6500|||0,09|01|13,44|3,0000|||0,40||
|C170|15|5211||1,00000|UN|50,68|0,00|0|060|5405||0,00|0,00|0,00|0,00|0,00|0,00|0|||0,00|0,00|0,00|01|50,68|0,6500|||0,33|01|50,68|3,0000|||1,52||
|C170|16|81||8,00000|UN|7,68|0,00|0|060|5405||0,00|0,00|0,00|0,00|0,00|0,00|0|||0,00|0,00|0,00|01|7,68|0,6500|||0,05|01|7,68|3,0000|||0,23||
|C170|17|3619||2,00000|UN|84,88|0,00|0|060|5405||0,00|0,00|0,00|0,00|0,00|0,00|0|||0,00|0,00|0,00|01|84,88|0,6500|||0,55|01|84,88|3,0000|||2,55||
|C170|18|4875||3,00000|MT|35,49|0,00|0|060|5405||0,00|0,00|0,00|0,00|0,00|0,00|0|||0,00|0,00|0,00|01|35,49|0,6500|||0,23|01|35,49|3,0000|||1,06||
|C170|19|825||2,00000|UN|305,44|0,00|0|000|5102||305,44|18,00|54,98|0,00|0,00|0,00|0|||0,00|0,00|0,00|01|305,44|0,6500|||1,99|01|305,44|3,0000|||9,16||
|C170|20|356||1,00000|UN|4,24|0,00|0|000|5102||4,24|18,00|0,76|0,00|0,00|0,00|0|||0,00|0,00|0,00|01|4,24|0,6500|||0,03|01|4,24|3,0000|||0,13||
|C170|21|777||1,00000|UN|14,51|0,00|0|000|5102||14,51|18,00|2,61|0,00|0,00|0,00|0|||0,00|0,00|0,00|01|14,51|0,6500|||0,09|01|14,51|3,0000|||0,44||
|C170|22|6568||1,00000|UN|33,80|0,00|0|060|5405||0,00|0,00|0,00|0,00|0,00|0,00|0|||0,00|0,00|0,00|01|33,80|0,6500|||0,22|01|33,80|3,0000|||1,01||
|C170|23|202||1,00000|UN|6,96|0,00|0|000|5102||6,96|18,00|1,25|0,00|0,00|0,00|0|||0,00|0,00|0,00|01|6,96|0,6500|||0,05|01|6,96|3,0000|||0,21||
|C170|24|86||1,00000|UN|1,96|0,00|0|060|5405||0,00|0,00|0,00|0,00|0,00|0,00|0|||0,00|0,00|0,00|01|1,96|0,6500|||0,01|01|1,96|3,0000|||0,06||
|C170|25|127||7,00000|UN|101,64|0,00|0|060|5405||0,00|0,00|0,00|0,00|0,00|0,00|0|||0,00|0,00|0,00|01|101,64|0,6500|||0,66|01|101,64|3,0000|||3,05||
|C170|26|5246||2,00000|UN|264,42|0,00|0|000|5102||264,42|18,00|47,60|0,00|0,00|0,00|0|||0,00|0,00|0,00|01|264,42|0,6500|||1,72|01|264,42|3,0000|||7,93||
|C170|27|3465||1,00000|UN|172,16|0,00|0|000|5102||172,16|18,00|30,99|0,00|0,00|0,00|0|||0,00|0,00|0,00|01|172,16|0,6500|||1,12|01|172,16|3,0000|||5,16||
|C100|1|0||65|00|001|4581|31220741132335000221650010000045811965735920|14072022|14072022|113,36|0|0,00||113,36|9|0,00|0,00|0,00|27,86|5,01||||0,74|3,41|0,00|0,00|
|C110|000001||
|C110|000002||
|C110|000003||
|C110|000004||
|C110|000005||
|C175|5102|27,86|0,00|01|27,86|0,6500|||0,18|01|27,86|3,0000|||0,84|||
|C175|5405|85,50|0,00|01|85,50|0,6500|||0,56|01|85,50|3,0000|||2,57|||
|C100|1|0||65|00|001|4582|31220741132335000221650010000045821986024192|15072022|15072022|127,18|0|0,00||127,18|9|0,00|0,00|0,00|0,00|0,00||||0,82|3,81|0,00|0,00|
|C110|000001||
|C110|000002||
|C110|000003||
|C110|000004||
|C110|000005||
|C175|5405|127,18|0,00|01|127,18|0,6500|||0,82|01|127,18|3,0000|||3,81|||
|C100|1|0||65|00|001|4583|31220741132335000221650010000045831006312464|15072022|15072022|27,05|0|0,00||27,05|9|0,00|0,00|0,00|0,00|0,00||||0,18|0,81|0,00|0,00|
|C110|000001||
|C110|000002||
|C110|000003||
|C110|000004||
|C110|000005||
|C175|5405|27,05|0,00|01|27,05|0,6500|||0,18|01|27,05|3,0000|||0,81|||
|C100|1|0|3950|55|00|1|1381|31220741132335000221550010000013811161644031|15072022|15072022|2120,00|1|0,00||2120,00|1|0,00|0,00|0,00|1238,29|86,68|0,00|0,00|0,00|13,80|63,61|0,00|0,00|
|C110|000001||
|C110|000002||
|C110|000003||
|C110|000004||
|C110|000005||
|C170|1|157||15,00000|MT|325,65|0,00|0|060|6403||0,00|0,00|0,00|0,00|0,00|0,00|0|||0,00|0,00|0,00|01|325,65|0,6500|||2,12|01|325,65|3,0000|||9,77||
|C170|2|561||1,00000|UN|3,35|0,00|0|060|6403||0,00|0,00|0,00|0,00|0,00|0,00|0|||0,00|0,00|0,00|01|3,35|0,6500|||0,02|01|3,35|3,0000|||0,10||
|C170|3|6304||1,00000|UN|86,92|0,00|0|060|6403||0,00|0,00|0,00|0,00|0,00|0,00|0|||0,00|0,00|0,00|01|86,92|0,6500|||0,56|01|86,92|3,0000|||2,61||
|C170|4|101||1,00000|UN|3,05|0,00|0|000|6102||3,05|7,00|0,21|0,00|0,00|0,00|0|||0,00|0,00|0,00|01|3,05|0,6500|||0,02|01|3,05|3,0000|||0,09||
|C170|5|555||1,00000|UN|8,60|0,00|0|060|6403||0,00|0,00|0,00|0,00|0,00|0,00|0|||0,00|0,00|0,00|01|8,60|0,6500|||0,06|01|8,60|3,0000|||0,26||
|C170|6|211||1,00000|UN|7,05|0,00|0|000|6102||7,05|7,00|0,49|0,00|0,00|0,00|0|||0,00|0,00|0,00|01|7,05|0,6500|||0,05|01|7,05|3,0000|||0,21||
|C170|7|70||1,00000|UN|2,35|0,00|0|060|6403||0,00|0,00|0,00|0,00|0,00|0,00|0|||0,00|0,00|0,00|01|2,35|0,6500|||0,02|01|2,35|3,0000|||0,07||
|C170|8|863||4,00000|UN|217,80|0,00|0|000|6102||217,80|7,00|15,25|0,00|0,00|0,00|0|||0,00|0,00|0,00|01|217,80|0,6500|||1,42|01|217,80|3,0000|||6,53||
|C170|9|6724||3,00000|UN|24,00|0,00|0|060|6403||0,00|0,00|0,00|0,00|0,00|0,00|0|||0,00|0,00|0,00|01|24,00|0,6500|||0,16|01|24,00|3,0000|||0,72||
|C170|10|166||1,00000|UN|18,30|0,00|0|000|6102||18,30|7,00|1,28|0,00|0,00|0,00|0|||0,00|0,00|0,00|01|18,30|0,6500|||0,12|01|18,30|3,0000|||0,55||
|C170|11|4127||1,00000|UN|191,24|0,00|0|000|6102||191,24|7,00|13,39|0,00|0,00|0,00|0|||0,00|0,00|0,00|01|191,24|0,6500|||1,24|01|191,24|3,0000|||5,74||
|C170|12|79||3,00000|UN|2,40|0,00|0|060|6403||0,00|0,00|0,00|0,00|0,00|0,00|0|||0,00|0,00|0,00|01|2,40|0,6500|||0,02|01|2,40|3,0000|||0,07||
|C170|13|562||1,00000|UN|31,45|0,00|0|060|6403||0,00|0,00|0,00|0,00|0,00|0,00|0|||0,00|0,00|0,00|01|31,45|0,6500|||0,20|01|31,45|3,0000|||0,94||
|C170|14|2086||1,00000|MT|21,71|0,00|0|060|6403||0,00|0,00|0,00|0,00|0,00|0,00|0|||0,00|0,00|0,00|01|21,71|0,6500|||0,14|01|21,71|3,0000|||0,65||
|C170|15|214||4,00000|UN|6,40|0,00|0|060|6403||0,00|0,00|0,00|0,00|0,00|0,00|0|||0,00|0,00|0,00|01|6,40|0,6500|||0,04|01|6,40|3,0000|||0,19||
|C170|16|127||2,00000|UN|36,30|0,00|0|060|6403||0,00|0,00|0,00|0,00|0,00|0,00|0|||0,00|0,00|0,00|01|36,30|0,6500|||0,24|01|36,30|3,0000|||1,09||
|C170|17|2085||8,00000|MT|173,68|0,00|0|060|6403||0,00|0,00|0,00|0,00|0,00|0,00|0|||0,00|0,00|0,00|01|173,68|0,6500|||1,13|01|173,68|3,0000|||5,21||
|C170|18|6568||1,00000|UN|81,25|0,00|0|060|6403||0,00|0,00|0,00|0,00|0,00|0,00|0|||0,00|0,00|0,00|01|81,25|0,6500|||0,53|01|81,25|3,0000|||2,44||
|C170|19|92||2,00000|UN|5,30|0,00|0|060|6403||0,00|0,00|0,00|0,00|0,00|0,00|0|||0,00|0,00|0,00|01|5,30|0,6500|||0,03|01|5,30|3,0000|||0,16||
|C170|20|97||2,00000|UN|4,70|0,00|0|060|6403||0,00|0,00|0,00|0,00|0,00|0,00|0|||0,00|0,00|0,00|01|4,70|0,6500|||0,03|01|4,70|3,0000|||0,14||
|C170|21|192||1,00000|UN|59,20|0,00|0|000|6102||59,20|7,00|4,14|0,00|0,00|0,00|0|||0,00|0,00|0,00|01|59,20|0,6500|||0,38|01|59,20|3,0000|||1,78||
|C170|22|300||1,00000|UN|10,00|0,00|0|060|6403||0,00|0,00|0,00|0,00|0,00|0,00|0|||0,00|0,00|0,00|01|10,00|0,6500|||0,07|01|10,00|3,0000|||0,30||
|C170|23|57||1,00000|UN|29,95|0,00|0|000|6102||29,95|7,00|2,10|0,00|0,00|0,00|0|||0,00|0,00|0,00|01|29,95|0,6500|||0,19|01|29,95|3,0000|||0,90||
|C170|24|687||1,00000|UN|586,04|0,00|0|000|6102||586,04|7,00|41,02|0,00|0,00|0,00|0|||0,00|0,00|0,00|01|586,04|0,6500|||3,81|01|586,04|3,0000|||17,58||
|C170|25|664||1,00000|UN|2,55|0,00|0|060|6403||0,00|0,00|0,00|0,00|0,00|0,00|0|||0,00|0,00|0,00|01|2,55|0,6500|||0,02|01|2,55|3,0000|||0,08||
|C170|26|6727||2,00000|MT|51,20|0,00|0|060|6403||0,00|0,00|0,00|0,00|0,00|0,00|0|||0,00|0,00|0,00|01|51,20|0,6500|||0,33|01|51,20|3,0000|||1,54||
|C170|27|1962||6,00000|UN|3,90|0,00|0|060|6403||0,00|0,00|0,00|0,00|0,00|0,00|0|||0,00|0,00|0,00|01|3,90|0,6500|||0,03|01|3,90|3,0000|||0,12||
|C170|28|56||1,00000|UN|125,66|0,00|0|000|6102||125,66|7,00|8,80|0,00|0,00|0,00|0|||0,00|0,00|0,00|01|125,66|0,6500|||0,82|01|125,66|3,0000|||3,77||
|C100|1|0||65|00|001|4584|31220741132335000221650010000045841026600721|15072022|15072022|46,45|0|0,00||46,45|9|0,00|0,00|0,00|0,00|0,00||||0,30|1,39|0,00|0,00|
|C110|000001||
|C110|000002||
|C110|000003||
|C110|000004||
|C110|000005||
|C175|5405|46,45|0,00|01|46,45|0,6500|||0,30|01|46,45|3,0000|||1,39|||
|C100|1|0||65|00|001|4585|31220741132335000221650010000045851046888981|15072022|15072022|89,26|0|0,00||89,26|9|0,00|0,00|0,00|0,00|0,00||||0,58|2,68|0,00|0,00|
|C110|000001||
|C110|000002||
|C110|000003||
|C110|000004||
|C110|000005||
|C175|5405|89,26|0,00|01|89,26|0,6500|||0,58|01|89,26|3,0000|||2,68|||
|C100|1|0||65|00|001|4586|31220741132335000221650010000045861067177240|15072022|15072022|6,49|0|0,00||6,49|9|0,00|0,00|0,00|0,00|0,00||||0,04|0,19|0,00|0,00|
|C110|000001||
|C110|000002||
|C110|000003||
|C110|000004||
|C110|000005||
|C175|5405|6,49|0,00|01|6,49|0,6500|||0,04|01|6,49|3,0000|||0,19|||
|C100|1|0||65|00|001|4587|31220741132335000221650010000045871087465508|15072022|15072022|71,39|0|0,00||71,39|9|0,00|0,00|0,00|0,00|0,00||||0,46|2,14|0,00|0,00|
|C110|000001||
|C110|000002||
|C110|000003||
|C110|000004||
|C110|000005||
|C175|5405|71,39|0,00|01|71,39|0,6500|||0,46|01|71,39|3,0000|||2,14|||
|C100|1|0||65|00|001|4588|31220741132335000221650010000045881107753772|15072022|15072022|162,00|0|0,00||162,00|9|0,00|0,00|0,00|0,00|0,00||||1,05|4,86|0,00|0,00|
|C110|000001||
|C110|000002||
|C110|000003||
|C110|000004||
|C110|000005||
|C175|5405|162,00|0,00|01|162,00|0,6500|||1,05|01|162,00|3,0000|||4,86|||
|C100|1|0||65|00|001|4589|31220741132335000221650010000045891128042031|15072022|15072022|258,40|0|0,00||258,40|9|0,00|0,00|0,00|0,00|0,00||||1,67|7,76|0,00|0,00|
|C110|000001||
|C110|000002||
|C110|000003||
|C110|000004||
|C110|000005||
|C175|5405|258,40|0,00|01|258,40|0,6500|||1,67|01|258,40|3,0000|||7,76|||
|C100|1|0|3181|55|00|1|1382|31220741132335000221550010000013821580258952|15072022|15072022|4794,56|0|0,00||4794,56|1|0,00|0,00|0,00|128,20|23,08|0,00|0,00|0,00|31,15|143,85|0,00|0,00|
|C110|000027||
|C110|000009||
|C110|000001||
|C110|000002||
|C110|000003||
|C110|000004||
|C110|000005||
|C170|1|7655||2,00000|UN|82,60|0,00|0|000|5102||82,60|18,00|14,87|0,00|0,00|0,00|0|||0,00|0,00|0,00|01|82,60|0,6500|||0,54|01|82,60|3,0000|||2,48||
|C170|2|3897||3,00000|UN|43,80|0,00|0|060|5405||0,00|0,00|0,00|0,00|0,00|0,00|0|||0,00|0,00|0,00|01|43,80|0,6500|||0,28|01|43,80|3,0000|||1,31||
|C170|3|3890||5,00000|UN|22,85|0,00|0|060|5405||0,00|0,00|0,00|0,00|0,00|0,00|0|||0,00|0,00|0,00|01|22,85|0,6500|||0,15|01|22,85|3,0000|||0,69||
|C170|4|3906||54,00000|UN|430,92|0,00|0|060|5405||0,00|0,00|0,00|0,00|0,00|0,00|0|||0,00|0,00|0,00|01|430,92|0,6500|||2,80|01|430,92|3,0000|||12,93||
|C170|5|3903||28,00000|UN|115,64|0,00|0|060|5405||0,00|0,00|0,00|0,00|0,00|0,00|0|||0,00|0,00|0,00|01|115,64|0,6500|||0,75|01|115,64|3,0000|||3,47||
|C170|6|6309||8,00000|UN|2298,64|0,00|0|060|5405||0,00|0,00|0,00|0,00|0,00|0,00|0|||0,00|0,00|0,00|01|2298,64|0,6500|||14,94|01|2298,64|3,0000|||68,96||
|C170|7|3875||63,00000|UN|300,51|0,00|0|060|5405||0,00|0,00|0,00|0,00|0,00|0,00|0|||0,00|0,00|0,00|01|300,51|0,6500|||1,95|01|300,51|3,0000|||9,02||
|C170|8|5337||1,00000|UN|30,75|0,00|0|000|5102||30,75|18,00|5,54|0,00|0,00|0,00|0|||0,00|0,00|0,00|01|30,75|0,6500|||0,20|01|30,75|3,0000|||0,92||
|C170|9|3904||22,00000|UN|139,48|0,00|0|060|5405||0,00|0,00|0,00|0,00|0,00|0,00|0|||0,00|0,00|0,00|01|139,48|0,6500|||0,91|01|139,48|3,0000|||4,18||
|C170|10|3894||12,00000|UN|114,60|0,00|0|060|5405||0,00|0,00|0,00|0,00|0,00|0,00|0|||0,00|0,00|0,00|01|114,60|0,6500|||0,74|01|114,60|3,0000|||3,44||
|C170|11|3453||1,00000|UN|14,85|0,00|0|000|5102||14,85|18,00|2,67|0,00|0,00|0,00|0|||0,00|0,00|0,00|01|14,85|0,6500|||0,10|01|14,85|3,0000|||0,45||
|C170|12|3871||12,00000|UN|8,16|0,00|0|060|5405||0,00|0,00|0,00|0,00|0,00|0,00|0|||0,00|0,00|0,00|01|8,16|0,6500|||0,05|01|8,16|3,0000|||0,24||
|C170|13|3889||23,00000|UN|94,99|0,00|0|060|5405||0,00|0,00|0,00|0,00|0,00|0,00|0|||0,00|0,00|0,00|01|94,99|0,6500|||0,62|01|94,99|3,0000|||2,85||
|C170|14|6328||20,00000|MT|760,60|0,00|0|060|5405||0,00|0,00|0,00|0,00|0,00|0,00|0|||0,00|0,00|0,00|01|760,60|0,6500|||4,94|01|760,60|3,0000|||22,82||
|C170|15|3876||11,00000|UN|59,07|0,00|0|060|5405||0,00|0,00|0,00|0,00|0,00|0,00|0|||0,00|0,00|0,00|01|59,07|0,6500|||0,38|01|59,07|3,0000|||1,77||
|C170|16|4693||6,00000|UN|112,56|0,00|0|060|5405||0,00|0,00|0,00|0,00|0,00|0,00|0|||0,00|0,00|0,00|01|112,56|0,6500|||0,73|01|112,56|3,0000|||3,38||
|C170|17|3874||38,00000|UN|164,54|0,00|0|060|5405||0,00|0,00|0,00|0,00|0,00|0,00|0|||0,00|0,00|0,00|01|164,54|0,6500|||1,07|01|164,54|3,0000|||4,94||
|C100|1|0||65|00|001|4590|31220741132335000221650010000045901148330297|15072022|15072022|41,10|0|0,00||41,10|9|0,00|0,00|0,00|0,00|0,00||||0,27|1,23|0,00|0,00|
|C110|000001||
|C110|000002||
|C110|000003||
|C110|000004||
|C110|000005||
|C175|5405|41,10|0,00|01|41,10|0,6500|||0,27|01|41,10|3,0000|||1,23|||
|C100|1|0||65|00|001|4591|31220741132335000221650010000045911168618552|15072022|15072022|499,00|0|0,00||499,00|9|0,00|0,00|0,00|0,00|0,00||||3,24|14,98|0,00|0,00|
|C110|000001||
|C110|000002||
|C110|000003||
|C110|000004||
|C110|000005||
|C175|5405|499,00|0,00|01|499,00|0,6500|||3,24|01|499,00|3,0000|||14,98|||
|C100|1|0|3891|55|00|1|1384|31220741132335000221550010000013841025501374|15072022|15072022|608,25|1|0,00||608,25|1|0,00|0,00|0,00|4,31|0,78|0,00|0,00|0,00|3,95|18,24|0,00|0,00|
|C110|000028||
|C110|000001||
|C110|000002||
|C110|000003||
|C110|000004||
|C110|000005||
|C170|1|5666||2,00000|UN|12,50|0,00|0|060|5405||0,00|0,00|0,00|0,00|0,00|0,00|0|||0,00|0,00|0,00|01|12,50|0,6500|||0,08|01|12,50|3,0000|||0,38||
|C170|2|833||0,20000|MT|4,31|0,00|0|000|5102||4,31|18,00|0,78|0,00|0,00|0,00|0|||0,00|0,00|0,00|01|4,31|0,6500|||0,03|01|4,31|3,0000|||0,13||
|C170|3|5662||3,00000|UN|20,37|0,00|0|060|5405||0,00|0,00|0,00|0,00|0,00|0,00|0|||0,00|0,00|0,00|01|20,37|0,6500|||0,13|01|20,37|3,0000|||0,61||
|C170|4|4186||13,00000|UN|84,37|0,00|0|060|5405||0,00|0,00|0,00|0,00|0,00|0,00|0|||0,00|0,00|0,00|01|84,37|0,6500|||0,55|01|84,37|3,0000|||2,53||
|C170|5|3382||8,00000|UN|95,04|0,00|0|060|5405||0,00|0,00|0,00|0,00|0,00|0,00|0|||0,00|0,00|0,00|01|95,04|0,6500|||0,62|01|95,04|3,0000|||2,85||
|C170|6|5665||2,00000|UN|8,82|0,00|0|060|5405||0,00|0,00|0,00|0,00|0,00|0,00|0|||0,00|0,00|0,00|01|8,82|0,6500|||0,06|01|8,82|3,0000|||0,26||
|C170|7|5677||7,00000|UN|19,81|0,00|0|060|5405||0,00|0,00|0,00|0,00|0,00|0,00|0|||0,00|0,00|0,00|01|19,81|0,6500|||0,13|01|19,81|3,0000|||0,59||
|C170|8|1009||3,00000|UN|15,12|0,00|0|060|5405||0,00|0,00|0,00|0,00|0,00|0,00|0|||0,00|0,00|0,00|01|15,12|0,6500|||0,10|01|15,12|3,0000|||0,45||
|C170|9|5661||8,00000|UN|57,60|0,00|0|060|5405||0,00|0,00|0,00|0,00|0,00|0,00|0|||0,00|0,00|0,00|01|57,60|0,6500|||0,37|01|57,60|3,0000|||1,73||
|C170|10|5661||18,00000|UN|129,60|0,00|0|060|5405||0,00|0,00|0,00|0,00|0,00|0,00|0|||0,00|0,00|0,00|01|129,60|0,6500|||0,84|01|129,60|3,0000|||3,89||
|C170|11|5647||9,00000|UN|37,26|0,00|0|060|5405||0,00|0,00|0,00|0,00|0,00|0,00|0|||0,00|0,00|0,00|01|37,26|0,6500|||0,24|01|37,26|3,0000|||1,12||
|C170|12|5674||2,00000|UN|5,66|0,00|0|060|5405||0,00|0,00|0,00|0,00|0,00|0,00|0|||0,00|0,00|0,00|01|5,66|0,6500|||0,04|01|5,66|3,0000|||0,17||
|C170|13|1325||1,00000|UN|2,97|0,00|0|060|5405||0,00|0,00|0,00|0,00|0,00|0,00|0|||0,00|0,00|0,00|01|2,97|0,6500|||0,02|01|2,97|3,0000|||0,09||
|C170|14|5663||1,00000|UN|4,68|0,00|0|060|5405||0,00|0,00|0,00|0,00|0,00|0,00|0|||0,00|0,00|0,00|01|4,68|0,6500|||0,03|01|4,68|3,0000|||0,14||
|C170|15|915||13,00000|UN|55,51|0,00|0|060|5405||0,00|0,00|0,00|0,00|0,00|0,00|0|||0,00|0,00|0,00|01|55,51|0,6500|||0,36|01|55,51|3,0000|||1,67||
|C170|16|3674||1,00000|UN|16,83|0,00|0|060|5405||0,00|0,00|0,00|0,00|0,00|0,00|0|||0,00|0,00|0,00|01|16,83|0,6500|||0,11|01|16,83|3,0000|||0,50||
|C170|17|5676||1,00000|UN|3,02|0,00|0|060|5405||0,00|0,00|0,00|0,00|0,00|0,00|0|||0,00|0,00|0,00|01|3,02|0,6500|||0,02|01|3,02|3,0000|||0,09||
|C170|18|5678||4,00000|UN|11,32|0,00|0|060|5405||0,00|0,00|0,00|0,00|0,00|0,00|0|||0,00|0,00|0,00|01|11,32|0,6500|||0,07|01|11,32|3,0000|||0,34||
|C170|19|5646||6,00000|UN|23,46|0,00|0|060|5405||0,00|0,00|0,00|0,00|0,00|0,00|0|||0,00|0,00|0,00|01|23,46|0,6500|||0,15|01|23,46|3,0000|||0,70||
|C100|1|0|3175|55|00|1|1385|31220741132335000221550010000013851519394177|15072022|15072022|185,86|1|0,00||185,86|1|0,00|0,00|0,00|19,15|3,45|0,00|0,00|0,00|1,20|5,57|0,00|0,00|
|C110|000009||
|C110|000001||
|C110|000002||
|C110|000003||
|C110|000004||
|C110|000005||
|C170|1|3044||1,00000|UN|15,85|0,00|0|060|5405||0,00|0,00|0,00|0,00|0,00|0,00|0|||0,00|0,00|0,00|01|15,85|0,6500|||0,10|01|15,85|3,0000|||0,48||
|C170|2|3724||1,00000|UN|40,47|0,00|0|060|5405||0,00|0,00|0,00|0,00|0,00|0,00|0|||0,00|0,00|0,00|01|40,47|0,6500|||0,26|01|40,47|3,0000|||1,21||
|C170|3|1705||1,00000|UN|19,15|0,00|0|000|5102||19,15|18,00|3,45|0,00|0,00|0,00|0|||0,00|0,00|0,00|01|19,15|0,6500|||0,12|01|19,15|3,0000|||0,57||
|C170|4|3048||1,00000|UN|10,01|0,00|0|060|5405||0,00|0,00|0,00|0,00|0,00|0,00|0|||0,00|0,00|0,00|01|10,01|0,6500|||0,07|01|10,01|3,0000|||0,30||
|C170|5|1245||1,00000|UN|100,38|0,00|0|060|5405||0,00|0,00|0,00|0,00|0,00|0,00|0|||0,00|0,00|0,00|01|100,38|0,6500|||0,65|01|100,38|3,0000|||3,01||
|C100|1|0||65|00|001|4592|31220741132335000221650010000045921188906810|15072022|15072022|154,33|0|0,00||154,33|9|0,00|0,00|0,00|0,00|0,00||||1,00|4,64|0,00|0,00|
|C110|000001||
|C110|000002||
|C110|000003||
|C110|000004||
|C110|000005||
|C175|5405|154,33|0,00|01|154,33|0,6500|||1,00|01|154,33|3,0000|||4,64|||
|C100|1|0||65|00|001|4593|31220741132335000221650010000045931209195078|15072022|15072022|126,50|0|0,00||126,50|9|0,00|0,00|0,00|0,00|0,00||||0,82|3,80|0,00|0,00|
|C110|000001||
|C110|000002||
|C110|000003||
|C110|000004||
|C110|000005||
|C175|5405|126,50|0,00|01|126,50|0,6500|||0,82|01|126,50|3,0000|||3,80|||
|C100|1|0|3531|55|00|1|1386|31220741132335000221550010000013861762303642|15072022|15072022|15209,30|1|3,85||15209,30|1|0,00|0,00|0,00|11611,81|2090,12|0,00|0,00|0,00|98,85|456,30|0,00|0,00|
|C110|000009||
|C110|000001||
|C110|000002||
|C110|000003||
|C110|000004||
|C110|000005||
|C170|1|217||60,00000|UN|244,14|0,06|0|060|5405||0,00|0,00|0,00|0,00|0,00|0,00|0|||0,00|0,00|0,00|01|244,14|0,6500|||1,59|01|244,14|3,0000|||7,32||
|C170|2|329||150,00000|UN|277,43|0,07|0|060|5405||0,00|0,00|0,00|0,00|0,00|0,00|0|||0,00|0,00|0,00|01|277,43|0,6500|||1,80|01|277,43|3,0000|||8,32||
|C170|3|2877||3,00000|UN|163,19|0,04|0|060|5405||0,00|0,00|0,00|0,00|0,00|0,00|0|||0,00|0,00|0,00|01|163,19|0,6500|||1,06|01|163,19|3,0000|||4,90||
|C170|4|940||100,00000|UN|424,89|0,11|0|060|5405||0,00|0,00|0,00|0,00|0,00|0,00|0|||0,00|0,00|0,00|01|424,89|0,6500|||2,76|01|424,89|3,0000|||12,75||
|C170|5|108||100,00000|UN|2857,28|0,72|0|000|5102||2857,28|18,00|514,31|0,00|0,00|0,00|0|||0,00|0,00|0,00|01|2857,28|0,6500|||18,57|01|2857,28|3,0000|||85,72||
|C170|6|261||2,00000|UN|47,97|0,01|0|060|5405||0,00|0,00|0,00|0,00|0,00|0,00|0|||0,00|0,00|0,00|01|47,97|0,6500|||0,31|01|47,97|3,0000|||1,44||
|C170|7|121||60,00000|UN|195,55|0,05|0|060|5405||0,00|0,00|0,00|0,00|0,00|0,00|0|||0,00|0,00|0,00|01|195,55|0,6500|||1,27|01|195,55|3,0000|||5,87||
|C170|8|1681||10,00000|MT|152,66|0,04|0|060|5405||0,00|0,00|0,00|0,00|0,00|0,00|0|||0,00|0,00|0,00|01|152,66|0,6500|||0,99|01|152,66|3,0000|||4,58||
|C170|9|804||150,00000|UN|2060,48|0,52|0|000|5102||2060,48|18,00|370,89|0,00|0,00|0,00|0|||0,00|0,00|0,00|01|2060,48|0,6500|||13,39|01|2060,48|3,0000|||61,81||
|C170|10|1656||50,00000|UN|444,89|0,11|0|000|5102||444,89|18,00|80,08|0,00|0,00|0,00|0|||0,00|0,00|0,00|01|444,89|0,6500|||2,89|01|444,89|3,0000|||13,35||
|C170|11|2724||1000,00000|UN|219,94|0,06|0|060|5405||0,00|0,00|0,00|0,00|0,00|0,00|0|||0,00|0,00|0,00|01|219,94|0,6500|||1,43|01|219,94|3,0000|||6,60||
|C170|12|805||50,00000|UN|566,86|0,14|0|000|5102||566,86|18,00|102,03|0,00|0,00|0,00|0|||0,00|0,00|0,00|01|566,86|0,6500|||3,68|01|566,86|3,0000|||17,01||
|C170|13|331||300,00000|UN|317,92|0,08|0|060|5405||0,00|0,00|0,00|0,00|0,00|0,00|0|||0,00|0,00|0,00|01|317,92|0,6500|||2,07|01|317,92|3,0000|||9,54||
|C170|14|216||100,00000|UN|325,92|0,08|0|060|5405||0,00|0,00|0,00|0,00|0,00|0,00|0|||0,00|0,00|0,00|01|325,92|0,6500|||2,12|01|325,92|3,0000|||9,78||
|C170|15|6567||3,00000|UN|49,07|0,01|0|000|5102||49,07|18,00|8,83|0,00|0,00|0,00|0|||0,00|0,00|0,00|01|49,07|0,6500|||0,32|01|49,07|3,0000|||1,47||
|C170|16|943||200,00000|UN|631,84|0,16|0|060|5405||0,00|0,00|0,00|0,00|0,00|0,00|0|||0,00|0,00|0,00|01|631,84|0,6500|||4,11|01|631,84|3,0000|||18,96||
|C170|17|107||200,00000|UN|3835,02|0,98|0|000|5102||3835,02|18,00|690,30|0,00|0,00|0,00|0|||0,00|0,00|0,00|01|3835,02|0,6500|||24,93|01|3835,02|3,0000|||115,05||
|C170|18|7349||2,00000|UN|134,53|0,03|0|000|5102||134,53|18,00|24,22|0,00|0,00|0,00|0|||0,00|0,00|0,00|01|134,53|0,6500|||0,87|01|134,53|3,0000|||4,04||
|C170|19|803||80,00000|UN|933,36|0,24|0|000|5102||933,36|18,00|168,00|0,00|0,00|0,00|0|||0,00|0,00|0,00|01|933,36|0,6500|||6,07|01|933,36|3,0000|||28,00||
|C170|20|2775||50,00000|UN|730,32|0,18|0|000|5102||730,32|18,00|131,46|0,00|0,00|0,00|0|||0,00|0,00|0,00|01|730,32|0,6500|||4,75|01|730,32|3,0000|||21,91||
|C170|21|843||30,00000|MT|376,10|0,10|0|060|5405||0,00|0,00|0,00|0,00|0,00|0,00|0|||0,00|0,00|0,00|01|376,10|0,6500|||2,44|01|376,10|3,0000|||11,28||
|C170|22|6132||1000,00000|UN|219,94|0,06|0|060|5405||0,00|0,00|0,00|0,00|0,00|0,00|0|||0,00|0,00|0,00|01|219,94|0,6500|||1,43|01|219,94|3,0000|||6,60||
|C100|1|0||65|00|001|4594|31220741132335000221650010000045941229483343|15072022|15072022|253,00|0|0,00||253,00|9|0,00|0,00|0,00|0,00|0,00||||1,64|7,60|0,00|0,00|
|C110|000001||
|C110|000002||
|C110|000003||
|C110|000004||
|C110|000005||
|C175|5405|253,00|0,00|01|253,00|0,6500|||1,64|01|253,00|3,0000|||7,60|||
|C100|1|0||65|00|001|4595|31220741132335000221650010000045951249771600|15072022|15072022|255,53|0|0,00||255,53|9|0,00|0,00|0,00|0,00|0,00||||1,66|7,68|0,00|0,00|
|C110|000001||
|C110|000002||
|C110|000003||
|C110|000004||
|C110|000005||
|C175|5405|255,53|0,00|01|255,53|0,6500|||1,66|01|255,53|3,0000|||7,68|||
|C100|1|0||65|00|001|4596|31220741132335000221650010000045961270059865|15072022|15072022|126,50|0|0,00||126,50|9|0,00|0,00|0,00|0,00|0,00||||0,82|3,80|0,00|0,00|
|C110|000001||
|C110|000002||
|C110|000003||
|C110|000004||
|C110|000005||
|C175|5405|126,50|0,00|01|126,50|0,6500|||0,82|01|126,50|3,0000|||3,80|||
|C100|1|0||65|00|001|4597|31220741132335000221650010000045971290348126|15072022|15072022|2473,07|0|0,00||2473,07|9|0,00|0,00|0,00|0,00|0,00||||16,08|74,18|0,00|0,00|
|C110|000001||
|C110|000002||
|C110|000003||
|C110|000004||
|C110|000005||
|C175|5405|2473,07|0,00|01|2473,07|0,6500|||16,08|01|2473,07|3,0000|||74,18|||
|C100|1|0||65|00|001|4598|31220741132335000221650010000045981310636382|15072022|15072022|253,00|0|0,00||253,00|9|0,00|0,00|0,00|0,00|0,00||||1,64|7,60|0,00|0,00|
|C110|000001||
|C110|000002||
|C110|000003||
|C110|000004||
|C110|000005||
|C175|5405|253,00|0,00|01|253,00|0,6500|||1,64|01|253,00|3,0000|||7,60|||
|C100|1|0||65|00|001|4599|31220741132335000221650010000045991330924640|15072022|15072022|55,10|0|0,00||55,10|9|0,00|0,00|0,00|0,00|0,00||||0,36|1,65|0,00|0,00|
|C110|000001||
|C110|000002||
|C110|000003||
|C110|000004||
|C110|000005||
|C175|5405|55,10|0,00|01|55,10|0,6500|||0,36|01|55,10|3,0000|||1,65|||
|C100|1|0||65|00|001|4600|31220741132335000221650010000046001351212919|15072022|15072022|137,65|0|0,00||137,65|9|0,00|0,00|0,00|0,00|0,00||||0,89|4,13|0,00|0,00|
|C110|000001||
|C110|000002||
|C110|000003||
|C110|000004||
|C110|000005||
|C175|5405|137,65|0,00|01|137,65|0,6500|||0,89|01|137,65|3,0000|||4,13|||
|C100|1|0||65|00|001|4601|31220741132335000221650010000046011371501174|15072022|15072022|65,56|0|0,00||65,56|9|0,00|0,00|0,00|0,00|0,00||||0,43|1,98|0,00|0,00|
|C110|000001||
|C110|000002||
|C110|000003||
|C110|000004||
|C110|000005||
|C175|5405|65,56|0,00|01|65,56|0,6500|||0,43|01|65,56|3,0000|||1,98|||
|C100|1|0||65|00|001|4602|31220741132335000221650010000046021391789430|15072022|15072022|37,00|0|0,00||37,00|9|0,00|0,00|0,00|0,00|0,00||||0,24|1,11|0,00|0,00|
|C110|000001||
|C110|000002||
|C110|000003||
|C110|000004||
|C110|000005||
|C175|5405|37,00|0,00|01|37,00|0,6500|||0,24|01|37,00|3,0000|||1,11|||
|C100|1|0||65|00|001|4603|31220741132335000221650010000046031412077694|15072022|15072022|100,00|0|0,00||100,00|9|0,00|0,00|0,00|34,11|6,14||||0,65|3,00|0,00|0,00|
|C110|000001||
|C110|000002||
|C110|000003||
|C110|000004||
|C110|000005||
|C175|5102|34,11|0,00|01|34,11|0,6500|||0,22|01|34,11|3,0000|||1,02|||
|C175|5405|65,89|0,00|01|65,89|0,6500|||0,43|01|65,89|3,0000|||1,98|||
|C100|1|0||65|00|001|4604|31220741132335000221650010000046041432365951|16072022|16072022|104,65|0|0,00||104,65|9|0,00|0,00|0,00|35,70|6,43||||0,68|3,14|0,00|0,00|
|C110|000001||
|C110|000002||
|C110|000003||
|C110|000004||
|C110|000005||
|C175|5102|35,70|0,00|01|35,70|0,6500|||0,23|01|35,70|3,0000|||1,07|||
|C175|5405|68,95|0,00|01|68,95|0,6500|||0,45|01|68,95|3,0000|||2,07|||
|C100|1|0||65|00|001|4605|31220741132335000221650010000046051452654212|16072022|16072022|74,75|0|0,00||74,75|9|0,00|0,00|0,00|0,00|0,00||||0,48|2,24|0,00|0,00|
|C110|000001||
|C110|000002||
|C110|000003||
|C110|000004||
|C110|000005||
|C175|5405|74,75|0,00|01|74,75|0,6500|||0,48|01|74,75|3,0000|||2,24|||
|C100|1|0||65|00|001|4606|31220741132335000221650010000046061472942482|16072022|16072022|21,15|0|0,00||21,15|9|0,00|0,00|0,00|0,00|0,00||||0,15|0,62|0,00|0,00|
|C110|000001||
|C110|000002||
|C110|000003||
|C110|000004||
|C110|000005||
|C175|5405|21,15|0,00|01|21,15|0,6500|||0,15|01|21,15|3,0000|||0,62|||
|C100|1|0||65|00|001|4607|31220741132335000221650010000046071493230748|16072022|16072022|180,52|0|0,00||180,52|9|0,00|0,00|0,00|7,61|1,37||||1,18|5,43|0,00|0,00|
|C110|000001||
|C110|000002||
|C110|000003||
|C110|000004||
|C110|000005||
|C175|5102|7,61|0,00|01|7,61|0,6500|||0,05|01|7,61|3,0000|||0,23|||
|C175|5405|172,91|0,00|01|172,91|0,6500|||1,13|01|172,91|3,0000|||5,20|||
|C100|1|0||65|00|001|4608|31220741132335000221650010000046081513519001|16072022|16072022|192,67|1|0,00||192,67|9|0,00|0,00|0,00|0,00|0,00||||1,25|5,79|0,00|0,00|
|C110|000001||
|C110|000002||
|C110|000003||
|C110|000004||
|C110|000005||
|C175|5405|192,67|0,00|01|192,67|0,6500|||1,25|01|192,67|3,0000|||5,79|||
|C100|1|0||65|00|001|4609|31220741132335000221650010000046091533807263|16072022|16072022|176,74|0|0,00||176,74|9|0,00|0,00|0,00|0,00|0,00||||1,15|5,31|0,00|0,00|
|C110|000001||
|C110|000002||
|C110|000003||
|C110|000004||
|C110|000005||
|C175|5405|176,74|0,00|01|176,74|0,6500|||1,15|01|176,74|3,0000|||5,31|||
|C100|1|0||65|00|001|4610|31220741132335000221650010000046101554095522|16072022|16072022|75,82|0|0,00||75,82|9|0,00|0,00|0,00|0,00|0,00||||0,50|2,27|0,00|0,00|
|C110|000001||
|C110|000002||
|C110|000003||
|C110|000004||
|C110|000005||
|C175|5405|75,82|0,00|01|75,82|0,6500|||0,50|01|75,82|3,0000|||2,27|||
|C100|1|0||65|00|001|4611|31220741132335000221650010000046111574383784|16072022|16072022|63,34|0|0,00||63,34|9|0,00|0,00|0,00|0,00|0,00||||0,41|1,90|0,00|0,00|
|C110|000001||
|C110|000002||
|C110|000003||
|C110|000004||
|C110|000005||
|C175|5405|63,34|0,00|01|63,34|0,6500|||0,41|01|63,34|3,0000|||1,90|||
|C100|1|0||65|00|001|4612|31220741132335000221650010000046121594672045|16072022|16072022|16,74|0|0,00||16,74|9|0,00|0,00|0,00|0,00|0,00||||0,11|0,51|0,00|0,00|
|C110|000001||
|C110|000002||
|C110|000003||
|C110|000004||
|C110|000005||
|C175|5405|16,74|0,00|01|16,74|0,6500|||0,11|01|16,74|3,0000|||0,51|||
|C100|1|0||65|00|001|4613|31220741132335000221650010000046131614960315|16072022|16072022|9,00|0|0,00||9,00|9|0,00|0,00|0,00|0,00|0,00||||0,06|0,27|0,00|0,00|
|C110|000001||
|C110|000002||
|C110|000003||
|C110|000004||
|C110|000005||
|C175|5405|9,00|0,00|01|9,00|0,6500|||0,06|01|9,00|3,0000|||0,27|||
|C100|1|0||65|00|001|4614|31220741132335000221650010000046141635248573|16072022|16072022|17,89|0|0,00||17,89|9|0,00|0,00|0,00|0,00|0,00||||0,12|0,54|0,00|0,00|
|C110|000001||
|C110|000002||
|C110|000003||
|C110|000004||
|C110|000005||
|C175|5405|17,89|0,00|01|17,89|0,6500|||0,12|01|17,89|3,0000|||0,54|||
|C100|1|0||65|00|001|4615|31220741132335000221650010000046151655536830|16072022|16072022|171,67|0|0,00||171,67|9|0,00|0,00|0,00|0,00|0,00||||1,12|5,15|0,00|0,00|
|C110|000001||
|C110|000002||
|C110|000003||
|C110|000004||
|C110|000005||
|C175|5405|171,67|0,00|01|171,67|0,6500|||1,12|01|171,67|3,0000|||5,15|||
|C100|1|0||65|00|001|4616|31220741132335000221650010000046161675825096|16072022|16072022|41,80|0|0,00||41,80|9|0,00|0,00|0,00|0,00|0,00||||0,27|1,25|0,00|0,00|
|C110|000001||
|C110|000002||
|C110|000003||
|C110|000004||
|C110|000005||
|C175|5405|41,80|0,00|01|41,80|0,6500|||0,27|01|41,80|3,0000|||1,25|||
|C100|1|0||65|00|001|4617|31220741132335000221650010000046171696113351|18072022|18072022|39,90|0|0,00||39,90|9|0,00|0,00|0,00|0,00|0,00||||0,26|1,20|0,00|0,00|
|C110|000001||
|C110|000002||
|C110|000003||
|C110|000004||
|C110|000005||
|C175|5405|39,90|0,00|01|39,90|0,6500|||0,26|01|39,90|3,0000|||1,20|||
|C100|1|0||65|00|001|4618|31220741132335000221650010000046181716401613|18072022|18072022|508,72|0|0,00||508,72|9|0,00|0,00|0,00|0,00|0,00||||3,30|15,27|0,00|0,00|
|C110|000001||
|C110|000002||
|C110|000003||
|C110|000004||
|C110|000005||
|C175|5405|508,72|0,00|01|508,72|0,6500|||3,30|01|508,72|3,0000|||15,27|||
|C100|1|0||65|00|001|4619|31220741132335000221650010000046191736689881|18072022|18072022|855,93|1|0,00||855,93|9|0,00|0,00|0,00|550,54|99,10||||5,57|25,67|0,00|0,00|
|C110|000001||
|C110|000002||
|C110|000003||
|C110|000004||
|C110|000005||
|C175|5102|550,54|0,00|01|550,54|0,6500|||3,58|01|550,54|3,0000|||16,52|||
|C175|5405|305,39|0,00|01|305,39|0,6500|||1,99|01|305,39|3,0000|||9,15|||
|C100|1|0||65|00|001|4620|31220741132335000221650010000046201756978146|18072022|18072022|49,90|0|0,00||49,90|9|0,00|0,00|0,00|0,00|0,00||||0,32|1,50|0,00|0,00|
|C110|000001||
|C110|000002||
|C110|000003||
|C110|000004||
|C110|000005||
|C175|5405|49,90|0,00|01|49,90|0,6500|||0,32|01|49,90|3,0000|||1,50|||
|C100|1|0||65|00|001|4621|31220741132335000221650010000046211777266401|18072022|18072022|135,90|0|0,00||135,90|9|0,00|0,00|0,00|0,00|0,00||||0,88|4,08|0,00|0,00|
|C110|000001||
|C110|000002||
|C110|000003||
|C110|000004||
|C110|000005||
|C175|5405|135,90|0,00|01|135,90|0,6500|||0,88|01|135,90|3,0000|||4,08|||
|C100|1|0||65|00|001|4622|31220741132335000221650010000046221797554663|18072022|18072022|42,80|0|0,00||42,80|9|0,00|0,00|0,00|0,00|0,00||||0,28|1,28|0,00|0,00|
|C110|000001||
|C110|000002||
|C110|000003||
|C110|000004||
|C110|000005||
|C175|5405|42,80|0,00|01|42,80|0,6500|||0,28|01|42,80|3,0000|||1,28|||
|C100|1|0||65|00|001|4623|31220741132335000221650010000046231817842925|18072022|18072022|32,32|0|0,00||32,32|9|0,00|0,00|0,00|0,00|0,00||||0,21|0,97|0,00|0,00|
|C110|000001||
|C110|000002||
|C110|000003||
|C110|000004||
|C110|000005||
|C175|5405|32,32|0,00|01|32,32|0,6500|||0,21|01|32,32|3,0000|||0,97|||
|C100|1|0||65|00|001|4624|31220741132335000221650010000046241838131189|18072022|18072022|49,20|0|0,00||49,20|9|0,00|0,00|0,00|0,00|0,00||||0,32|1,48|0,00|0,00|
|C110|000001||
|C110|000002||
|C110|000003||
|C110|000004||
|C110|000005||
|C175|5405|49,20|0,00|01|49,20|0,6500|||0,32|01|49,20|3,0000|||1,48|||
|C100|1|0||65|00|001|4625|31220741132335000221650010000046251858419452|18072022|18072022|556,49|1|0,00||556,49|9|0,00|0,00|0,00|0,00|0,00||||3,62|16,70|0,00|0,00|
|C110|000001||
|C110|000002||
|C110|000003||
|C110|000004||
|C110|000005||
|C175|5405|556,49|0,00|01|556,49|0,6500|||3,62|01|556,49|3,0000|||16,70|||
|C100|1|0|3968|55|00|1|1387|31220741132335000221550010000013871648562313|18072022|18072022|125,90|1|0,00||125,90|1|0,00|0,00|0,00|0,00|0,00|0,00|0,00|0,00|0,82|3,78|0,00|0,00|
|C110|000001||
|C110|000002||
|C110|000003||
|C110|000004||
|C110|000005||
|C170|1|5052||1,00000|UN|125,90|0,00|0|060|6403||0,00|0,00|0,00|0,00|0,00|0,00|0|||0,00|0,00|0,00|01|125,90|0,6500|||0,82|01|125,90|3,0000|||3,78||
|C100|1|0|3965|55|00|1|1389|31220741132335000221550010000013891628274058|18072022|18072022|947,96|1|0,00||947,96|1|0,00|0,00|0,00|0,00|0,00|0,00|0,00|0,00|6,17|28,44|0,00|0,00|
|C110|000029||
|C110|000001||
|C110|000002||
|C110|000003||
|C110|000004||
|C110|000005||
|C170|1|154||30,00000|MT|147,00|0,00|0|060|5405||0,00|0,00|0,00|0,00|0,00|0,00|0|||0,00|0,00|0,00|01|147,00|0,6500|||0,96|01|147,00|3,0000|||4,41||
|C170|2|3497||1,00000|RL|202,99|0,00|0|060|5405||0,00|0,00|0,00|0,00|0,00|0,00|0|||0,00|0,00|0,00|01|202,99|0,6500|||1,32|01|202,99|3,0000|||6,09||
|C170|3|2078||30,00000|MT|147,00|0,00|0|060|5405||0,00|0,00|0,00|0,00|0,00|0,00|0|||0,00|0,00|0,00|01|147,00|0,6500|||0,96|01|147,00|3,0000|||4,41||
|C170|4|3500||1,00000|RL|202,99|0,00|0|060|5405||0,00|0,00|0,00|0,00|0,00|0,00|0|||0,00|0,00|0,00|01|202,99|0,6500|||1,32|01|202,99|3,0000|||6,09||
|C170|5|3499||1,00000|RL|202,72|0,00|0|060|5405||0,00|0,00|0,00|0,00|0,00|0,00|0|||0,00|0,00|0,00|01|202,72|0,6500|||1,32|01|202,72|3,0000|||6,08||
|C170|6|261||2,00000|UN|45,26|0,00|0|060|5405||0,00|0,00|0,00|0,00|0,00|0,00|0|||0,00|0,00|0,00|01|45,26|0,6500|||0,29|01|45,26|3,0000|||1,36||
|C100|1|0|3391|55|00|1|1390|31220741132335000221550010000013901003100048|18072022|18072022|226,90|1|0,00||226,90|1|0,00|0,00|0,00|226,90|40,84|0,00|0,00|0,00|1,47|6,81|0,00|0,00|
|C110|000009||
|C110|000001||
|C170|1|817||1,00000|UN|226,90|0,00|0|000|5102||226,90|18,00|40,84|0,00|0,00|0,00|0|||0,00|0,00|0,00|01|226,90|0,6500|||1,47|01|226,90|3,0000|||6,81||
|C100|1|0|3948|55|00|1|1391|31220741132335000221550010000013911323950139|18072022|18072022|5308,86|1|0,00||5308,86|1|0,00|0,00|0,00|320,87|57,76|0,00|0,00|0,00|34,52|159,27|0,00|0,00|
|C110|000001||
|C110|000002||
|C110|000003||
|C110|000004||
|C110|000005||
|C170|1|802||2,00000|UN|33,90|0,00|0|060|5405||0,00|0,00|0,00|0,00|0,00|0,00|0|||0,00|0,00|0,00|01|33,90|0,6500|||0,22|01|33,90|3,0000|||1,02||
|C170|2|4666||6,00000|UN|305,40|0,00|0|060|5405||0,00|0,00|0,00|0,00|0,00|0,00|0|||0,00|0,00|0,00|01|305,40|0,6500|||1,99|01|305,40|3,0000|||9,16||
|C170|3|7887||1,00000|UN|44,96|0,00|0|060|5405||0,00|0,00|0,00|0,00|0,00|0,00|0|||0,00|0,00|0,00|01|44,96|0,6500|||0,29|01|44,96|3,0000|||1,35||
|C170|4|2386||6,00000|UN|390,00|0,00|0|020|5102||151,67|18,00|27,30|0,00|0,00|0,00|0|||0,00|0,00|0,00|01|390,00|0,6500|||2,54|01|390,00|3,0000|||11,70||
|C170|5|7885||2,00000|UN|69,80|0,00|0|060|5405||0,00|0,00|0,00|0,00|0,00|0,00|0|||0,00|0,00|0,00|01|69,80|0,6500|||0,45|01|69,80|3,0000|||2,09||
|C170|6|6465||43,00000|MT|1842,55|0,00|0|060|5405||0,00|0,00|0,00|0,00|0,00|0,00|0|||0,00|0,00|0,00|01|1842,55|0,6500|||11,98|01|1842,55|3,0000|||55,28||
|C170|7|7888||1,00000|UN|1145,03|0,00|0|060|5405||0,00|0,00|0,00|0,00|0,00|0,00|0|||0,00|0,00|0,00|01|1145,03|0,6500|||7,44|01|1145,03|3,0000|||34,35||
|C170|8|571||6,00000|UN|34,14|0,00|0|060|5405||0,00|0,00|0,00|0,00|0,00|0,00|0|||0,00|0,00|0,00|01|34,14|0,6500|||0,22|01|34,14|3,0000|||1,02||
|C170|9|1291||6,00000|UN|321,12|0,00|0|060|5405||0,00|0,00|0,00|0,00|0,00|0,00|0|||0,00|0,00|0,00|01|321,12|0,6500|||2,09|01|321,12|3,0000|||9,63||
|C170|10|557||2,00000|UN|25,90|0,00|0|060|5405||0,00|0,00|0,00|0,00|0,00|0,00|0|||0,00|0,00|0,00|01|25,90|0,6500|||0,17|01|25,90|3,0000|||0,78||
|C170|11|192||6,00000|UN|169,20|0,00|0|000|5102||169,20|18,00|30,46|0,00|0,00|0,00|0|||0,00|0,00|0,00|01|169,20|0,6500|||1,10|01|169,20|3,0000|||5,08||
|C170|12|7886||1,00000|UN|39,79|0,00|0|060|5405||0,00|0,00|0,00|0,00|0,00|0,00|0|||0,00|0,00|0,00|01|39,79|0,6500|||0,26|01|39,79|3,0000|||1,19||
|C170|13|3590||50,00000|MT|167,50|0,00|0|060|5405||0,00|0,00|0,00|0,00|0,00|0,00|0|||0,00|0,00|0,00|01|167,50|0,6500|||1,09|01|167,50|3,0000|||5,03||
|C170|14|7884||1,00000|UN|30,88|0,00|0|060|5405||0,00|0,00|0,00|0,00|0,00|0,00|0|||0,00|0,00|0,00|01|30,88|0,6500|||0,20|01|30,88|3,0000|||0,93||
|C170|15|6464||18,00000|MT|513,90|0,00|0|060|5405||0,00|0,00|0,00|0,00|0,00|0,00|0|||0,00|0,00|0,00|01|513,90|0,6500|||3,34|01|513,90|3,0000|||15,42||
|C170|16|2521||1,00000|UN|174,79|0,00|0|060|5405||0,00|0,00|0,00|0,00|0,00|0,00|0|||0,00|0,00|0,00|01|174,79|0,6500|||1,14|01|174,79|3,0000|||5,24||
|C100|1|0|3902|55|00|1|1393|31220741132335000221550010000013931431266612|18072022|18072022|175,43|1|0,00||175,43|1|0,00|0,00|0,00|0,00|0,00|0,00|0,00|0,00|1,14|5,26|0,00|0,00|
|C110|000030||
|C110|000001||
|C110|000002||
|C110|000003||
|C110|000004||
|C110|000005||
|C170|1|4186||3,00000|UN|19,47|0,00|0|060|5405||0,00|0,00|0,00|0,00|0,00|0,00|0|||0,00|0,00|0,00|01|19,47|0,6500|||0,13|01|19,47|3,0000|||0,58||
|C170|2|4195||1,00000|UN|56,86|0,00|0|060|5405||0,00|0,00|0,00|0,00|0,00|0,00|0|||0,00|0,00|0,00|01|56,86|0,6500|||0,37|01|56,86|3,0000|||1,71||
|C170|3|1865||5,00000|UN|99,10|0,00|0|060|5405||0,00|0,00|0,00|0,00|0,00|0,00|0|||0,00|0,00|0,00|01|99,10|0,6500|||0,64|01|99,10|3,0000|||2,97||
|C100|1|0|3969|55|00|1|1394|31220741132335000221550010000013941810868413|18072022|18072022|613,00|1|0,00||613,00|1|0,00|0,00|0,00|0,00|0,00|0,00|0,00|0,00|3,99|18,39|0,00|0,00|
|C110|000001||
|C110|000002||
|C110|000003||
|C110|000004||
|C110|000005||
|C170|1|3850||1,00000|UN|495,00|0,00|0|060|6403||0,00|0,00|0,00|0,00|0,00|0,00|0|||0,00|0,00|0,00|01|495,00|0,6500|||3,22|01|495,00|3,0000|||14,85||
|C170|2|3711||5,00000|UN|118,00|0,00|0|060|6403||0,00|0,00|0,00|0,00|0,00|0,00|0|||0,00|0,00|0,00|01|118,00|0,6500|||0,77|01|118,00|3,0000|||3,54||
|C100|1|0|3594|55|00|1|1395|31220741132335000221550010000013951223058497|18072022|18072022|3008,33|1|0,00||3008,33|1|0,00|0,00|0,00|237,22|42,70|0,00|0,00|0,00|19,55|90,27|0,00|0,00|
|C110|000031||
|C110|000001||
|C110|000002||
|C110|000003||
|C110|000004||
|C110|000005||
|C170|1|3500||1,00000|RL|247,55|0,00|0|060|5405||0,00|0,00|0,00|0,00|0,00|0,00|0|||0,00|0,00|0,00|01|247,55|0,6500|||1,61|01|247,55|3,0000|||7,43||
|C170|2|2085||16,00000|MT|247,36|0,00|0|060|5405||0,00|0,00|0,00|0,00|0,00|0,00|0|||0,00|0,00|0,00|01|247,36|0,6500|||1,61|01|247,36|3,0000|||7,42||
|C170|3|7375||15,00000|UN|24,75|0,00|0|060|5405||0,00|0,00|0,00|0,00|0,00|0,00|0|||0,00|0,00|0,00|01|24,75|0,6500|||0,16|01|24,75|3,0000|||0,74||
|C170|4|3497||1,00000|RL|247,55|0,00|0|060|5405||0,00|0,00|0,00|0,00|0,00|0,00|0|||0,00|0,00|0,00|01|247,55|0,6500|||1,61|01|247,55|3,0000|||7,43||
|C170|5|4196||1,00000|UN|69,90|0,00|0|060|5405||0,00|0,00|0,00|0,00|0,00|0,00|0|||0,00|0,00|0,00|01|69,90|0,6500|||0,45|01|69,90|3,0000|||2,10||
|C170|6|551||4,00000|UN|60,40|0,00|0|060|5405||0,00|0,00|0,00|0,00|0,00|0,00|0|||0,00|0,00|0,00|01|60,40|0,6500|||0,39|01|60,40|3,0000|||1,81||
|C170|7|3505||1,00000|RL|405,88|0,00|0|060|5405||0,00|0,00|0,00|0,00|0,00|0,00|0|||0,00|0,00|0,00|01|405,88|0,6500|||2,64|01|405,88|3,0000|||12,18||
|C170|8|737||1,00000|UN|37,30|0,00|0|000|5102||37,30|18,00|6,71|0,00|0,00|0,00|0|||0,00|0,00|0,00|01|37,30|0,6500|||0,24|01|37,30|3,0000|||1,12||
|C170|9|5783||10,00000|MT|64,50|0,00|0|060|5405||0,00|0,00|0,00|0,00|0,00|0,00|0|||0,00|0,00|0,00|01|64,50|0,6500|||0,42|01|64,50|3,0000|||1,94||
|C170|10|2062||50,00000|MT|157,50|0,00|0|060|5405||0,00|0,00|0,00|0,00|0,00|0,00|0|||0,00|0,00|0,00|01|157,50|0,6500|||1,02|01|157,50|3,0000|||4,73||
|C170|11|56||1,00000|UN|86,55|0,00|0|000|5102||86,55|18,00|15,58|0,00|0,00|0,00|0|||0,00|0,00|0,00|01|86,55|0,6500|||0,56|01|86,55|3,0000|||2,60||
|C170|12|355||1,00000|UN|4,10|0,00|0|060|5405||0,00|0,00|0,00|0,00|0,00|0,00|0|||0,00|0,00|0,00|01|4,10|0,6500|||0,03|01|4,10|3,0000|||0,12||
|C170|13|107||2,00000|UN|45,82|0,00|0|000|5102||45,82|18,00|8,25|0,00|0,00|0,00|0|||0,00|0,00|0,00|01|45,82|0,6500|||0,30|01|45,82|3,0000|||1,37||
|C170|14|154||20,00000|MT|119,40|0,00|0|060|5405||0,00|0,00|0,00|0,00|0,00|0,00|0|||0,00|0,00|0,00|01|119,40|0,6500|||0,78|01|119,40|3,0000|||3,58||
|C170|15|580||16,00000|MT|278,88|0,00|0|060|5405||0,00|0,00|0,00|0,00|0,00|0,00|0|||0,00|0,00|0,00|01|278,88|0,6500|||1,81|01|278,88|3,0000|||8,37||
|C170|16|3492||1,00000|RL|155,91|0,00|0|060|5405||0,00|0,00|0,00|0,00|0,00|0,00|0|||0,00|0,00|0,00|01|155,91|0,6500|||1,01|01|155,91|3,0000|||4,68||
|C170|17|3503||1,00000|RL|405,88|0,00|0|060|5405||0,00|0,00|0,00|0,00|0,00|0,00|0|||0,00|0,00|0,00|01|405,88|0,6500|||2,64|01|405,88|3,0000|||12,18||
|C170|18|261||1,00000|UN|27,60|0,00|0|060|5405||0,00|0,00|0,00|0,00|0,00|0,00|0|||0,00|0,00|0,00|01|27,60|0,6500|||0,18|01|27,60|3,0000|||0,83||
|C170|19|2083||10,00000|MT|99,80|0,00|0|060|5405||0,00|0,00|0,00|0,00|0,00|0,00|0|||0,00|0,00|0,00|01|99,80|0,6500|||0,65|01|99,80|3,0000|||2,99||
|C170|20|738||1,00000|UN|67,55|0,00|0|000|5102||67,55|18,00|12,16|0,00|0,00|0,00|0|||0,00|0,00|0,00|01|67,55|0,6500|||0,44|01|67,55|3,0000|||2,03||
|C170|21|2079||20,00000|MT|119,40|0,00|0|060|5405||0,00|0,00|0,00|0,00|0,00|0,00|0|||0,00|0,00|0,00|01|119,40|0,6500|||0,78|01|119,40|3,0000|||3,58||
|C170|22|562||1,00000|UN|31,45|0,00|0|060|5405||0,00|0,00|0,00|0,00|0,00|0,00|0|||0,00|0,00|0,00|01|31,45|0,6500|||0,20|01|31,45|3,0000|||0,94||
|C170|23|121||1,00000|UN|3,30|0,00|0|060|5405||0,00|0,00|0,00|0,00|0,00|0,00|0|||0,00|0,00|0,00|01|3,30|0,6500|||0,02|01|3,30|3,0000|||0,10||
|C100|1|0||65|00|001|4626|31220741132335000221650010000046261878707710|19072022|19072022|34,40|0|0,00||34,40|9|0,00|0,00|0,00|34,40|6,19||||0,22|1,03|0,00|0,00|
|C110|000001||
|C110|000002||
|C110|000003||
|C110|000004||
|C110|000005||
|C175|5102|34,40|0,00|01|34,40|0,6500|||0,22|01|34,40|3,0000|||1,03|||
|C100|1|0||65|00|001|4627|31220741132335000221650010000046271898995971|19072022|19072022|36,03|0|0,00||36,03|9|0,00|0,00|0,00|0,00|0,00||||0,23|1,08|0,00|0,00|
|C110|000001||
|C110|000002||
|C110|000003||
|C110|000004||
|C110|000005||
|C175|5405|36,03|0,00|01|36,03|0,6500|||0,23|01|36,03|3,0000|||1,08|||
|C100|1|0||65|00|001|4628|31220741132335000221650010000046281919284235|19072022|19072022|598,82|1|0,00||598,82|9|0,00|0,00|0,00|0,00|0,00||||3,90|17,96|0,00|0,00|
|C110|000001||
|C110|000002||
|C110|000003||
|C110|000004||
|C110|000005||
|C175|5405|598,82|0,00|01|598,82|0,6500|||3,90|01|598,82|3,0000|||17,96|||
|C100|1|0||65|00|001|4629|31220741132335000221650010000046291939572497|19072022|19072022|1071,85|1|0,00||1071,85|9|0,00|0,00|0,00|0,00|0,00||||6,96|32,16|0,00|0,00|
|C110|000001||
|C110|000002||
|C110|000003||
|C110|000004||
|C110|000005||
|C175|5405|1071,85|0,00|01|1071,85|0,6500|||6,96|01|1071,85|3,0000|||32,16|||
|C100|1|0||65|00|001|4630|31220741132335000221650010000046301959860758|19072022|19072022|31,20|0|0,00||31,20|9|0,00|0,00|0,00|0,00|0,00||||0,20|0,94|0,00|0,00|
|C110|000001||
|C110|000002||
|C110|000003||
|C110|000004||
|C110|000005||
|C175|5405|31,20|0,00|01|31,20|0,6500|||0,20|01|31,20|3,0000|||0,94|||
|C100|1|0||65|00|001|4631|31220741132335000221650010000046311980149020|19072022|19072022|246,18|0|0,00||246,18|9|0,00|0,00|0,00|0,00|0,00||||1,59|7,39|0,00|0,00|
|C110|000001||
|C110|000002||
|C110|000003||
|C110|000004||
|C110|000005||
|C175|5405|246,18|0,00|01|246,18|0,6500|||1,59|01|246,18|3,0000|||7,39|||
|C100|1|0||65|00|001|4632|31220741132335000221650010000046321000437296|19072022|19072022|68,90|0|0,00||68,90|9|0,00|0,00|0,00|0,00|0,00||||0,45|2,07|0,00|0,00|
|C110|000001||
|C110|000002||
|C110|000003||
|C110|000004||
|C110|000005||
|C175|5405|68,90|0,00|01|68,90|0,6500|||0,45|01|68,90|3,0000|||2,07|||
|C100|1|0||65|00|001|4633|31220741132335000221650010000046331020725553|19072022|19072022|115,80|0|0,00||115,80|9|0,00|0,00|0,00|0,00|0,00||||0,75|3,48|0,00|0,00|
|C110|000001||
|C110|000002||
|C110|000003||
|C110|000004||
|C110|000005||
|C175|5405|115,80|0,00|01|115,80|0,6500|||0,75|01|115,80|3,0000|||3,48|||
|C100|1|0||65|00|001|4634|31220741132335000221650010000046341041013819|19072022|19072022|73,20|0|0,00||73,20|9|0,00|0,00|0,00|0,00|0,00||||0,48|2,20|0,00|0,00|
|C110|000001||
|C110|000002||
|C110|000003||
|C110|000004||
|C110|000005||
|C175|5405|73,20|0,00|01|73,20|0,6500|||0,48|01|73,20|3,0000|||2,20|||
|C100|1|0||65|00|001|4635|31220741132335000221650010000046351061302074|19072022|19072022|520,20|1|0,00||520,20|9|0,00|0,00|0,00|0,00|0,00||||3,39|15,60|0,00|0,00|
|C110|000001||
|C110|000002||
|C110|000003||
|C110|000004||
|C110|000005||
|C175|5405|520,20|0,00|01|520,20|0,6500|||3,39|01|520,20|3,0000|||15,60|||
|C100|1|0||65|00|001|4636|31220741132335000221650010000046361081590331|19072022|19072022|63,10|0|0,00||63,10|9|0,00|0,00|0,00|0,00|0,00||||0,41|1,89|0,00|0,00|
|C110|000001||
|C110|000002||
|C110|000003||
|C110|000004||
|C110|000005||
|C175|5405|63,10|0,00|01|63,10|0,6500|||0,41|01|63,10|3,0000|||1,89|||
|C100|1|0||65|00|001|4637|31220741132335000221650010000046371101878600|19072022|19072022|1470,74|1|0,00||1470,74|9|0,00|0,00|0,00|38,00|6,84||||9,56|44,13|0,00|0,00|
|C110|000001||
|C110|000002||
|C110|000003||
|C110|000004||
|C110|000005||
|C175|5102|38,00|0,00|01|38,00|0,6500|||0,25|01|38,00|3,0000|||1,14|||
|C175|5405|1432,74|0,00|01|1432,74|0,6500|||9,31|01|1432,74|3,0000|||42,99|||
|C100|1|0|3972|55|00|1|1398|31220741132335000221550010000013981952886240|19072022|19072022|437,00|1|0,00||437,00|1|0,00|0,00|0,00|0,00|0,00|0,00|0,00|0,00|2,84|13,11|0,00|0,00|
|C110|000001||
|C110|000002||
|C110|000003||
|C110|000004||
|C110|000005||
|C170|1|7291||1,00000|UN|437,00|0,00|0|060|6403||0,00|0,00|0,00|0,00|0,00|0,00|0|||0,00|0,00|0,00|01|437,00|0,6500|||2,84|01|437,00|3,0000|||13,11||
|C100|1|0|3736|55|00|1|1399|31220741132335000221550010000013991185144726|19072022|19072022|110,88|1|0,00||110,88|1|0,00|0,00|0,00|0,00|0,00|0,00|0,00|0,00|0,73|3,33|0,00|0,00|
|C110|000001||
|C110|000002||
|C110|000003||
|C110|000004||
|C110|000005||
|C170|1|582||2,00000|MT|9,14|0,00|0|060|5405||0,00|0,00|0,00|0,00|0,00|0,00|0|||0,00|0,00|0,00|01|9,14|0,6500|||0,06|01|9,14|3,0000|||0,27||
|C170|2|673||2,00000|UN|10,18|0,00|0|060|5405||0,00|0,00|0,00|0,00|0,00|0,00|0|||0,00|0,00|0,00|01|10,18|0,6500|||0,07|01|10,18|3,0000|||0,31||
|C170|3|1339||1,00000|UN|91,56|0,00|0|060|5405||0,00|0,00|0,00|0,00|0,00|0,00|0|||0,00|0,00|0,00|01|91,56|0,6500|||0,60|01|91,56|3,0000|||2,75||
|C100|1|0|3736|55|00|1|1400|31220741132335000221550010000014001205432988|19072022|19072022|149,72|1|0,00||149,72|1|0,00|0,00|0,00|0,00|0,00|0,00|0,00|0,00|0,97|4,50|0,00|0,00|
|C110|000001||
|C110|000002||
|C110|000003||
|C110|000004||
|C110|000005||
|C170|1|4076||10,00000|UN|75,20|0,00|0|060|5405||0,00|0,00|0,00|0,00|0,00|0,00|0|||0,00|0,00|0,00|01|75,20|0,6500|||0,49|01|75,20|3,0000|||2,26||
|C170|2|1542||1,00000|UN|74,52|0,00|0|060|5405||0,00|0,00|0,00|0,00|0,00|0,00|0|||0,00|0,00|0,00|01|74,52|0,6500|||0,48|01|74,52|3,0000|||2,24||
|C100|1|0|3974|55|00|1|1401|31220741132335000221550010000014011054327568|19072022|19072022|234,75|0|0,00||234,75|1|0,00|0,00|0,00|0,00|0,00|0,00|0,00|0,00|1,53|7,04|0,00|0,00|
|C110|000001||
|C110|000002||
|C110|000003||
|C110|000004||
|C110|000005||
|C170|1|7355||1,00000|UN|234,75|0,00|0|060|5405||0,00|0,00|0,00|0,00|0,00|0,00|0|||0,00|0,00|0,00|01|234,75|0,6500|||1,53|01|234,75|3,0000|||7,04||
|C100|1|0||65|00|001|4638|31220741132335000221650010000046381122166860|20072022|20072022|57,15|0|0,00||57,15|9|0,00|0,00|0,00|0,00|0,00||||0,37|1,72|0,00|0,00|
|C110|000001||
|C110|000002||
|C110|000003||
|C110|000004||
|C110|000005||
|C175|5405|57,15|0,00|01|57,15|0,6500|||0,37|01|57,15|3,0000|||1,72|||
|C100|1|0||65|00|001|4639|31220741132335000221650010000046391142455120|20072022|20072022|13,20|0|0,00||13,20|9|0,00|0,00|0,00|0,00|0,00||||0,09|0,40|0,00|0,00|
|C110|000001||
|C110|000002||
|C110|000003||
|C110|000004||
|C110|000005||
|C175|5405|13,20|0,00|01|13,20|0,6500|||0,09|01|13,20|3,0000|||0,40|||
|C100|1|0||65|00|001|4640|31220741132335000221650010000046401162743386|20072022|20072022|1373,98|1|0,00||1373,98|9|0,00|0,00|0,00|0,00|0,00||||8,92|41,20|0,00|0,00|
|C110|000001||
|C110|000002||
|C110|000003||
|C110|000004||
|C110|000005||
|C175|5405|1373,98|0,00|01|1373,98|0,6500|||8,92|01|1373,98|3,0000|||41,20|||
|C100|1|0|3166|55|00|1|1403|31220741132335000221550010000014031701988524|20072022|20072022|48,65|0|0,00||48,65|1|0,00|0,00|0,00|0,00|0,00|0,00|0,00|0,00|0,32|1,46|0,00|0,00|
|C110|000009||
|C110|000001||
|C110|000002||
|C110|000003||
|C110|000004||
|C110|000005||
|C170|1|7164||1,00000|UN|7,70|0,00|0|060|5405||0,00|0,00|0,00|0,00|0,00|0,00|0|||0,00|0,00|0,00|01|7,70|0,6500|||0,05|01|7,70|3,0000|||0,23||
|C170|2|7514||1,00000|UN|10,04|0,00|0|060|5405||0,00|0,00|0,00|0,00|0,00|0,00|0|||0,00|0,00|0,00|01|10,04|0,6500|||0,07|01|10,04|3,0000|||0,30||
|C170|3|7174||1,00000|UN|18,96|0,00|0|060|5405||0,00|0,00|0,00|0,00|0,00|0,00|0|||0,00|0,00|0,00|01|18,96|0,6500|||0,12|01|18,96|3,0000|||0,57||
|C170|4|7173||1,00000|UN|10,95|0,00|0|060|5405||0,00|0,00|0,00|0,00|0,00|0,00|0|||0,00|0,00|0,00|01|10,95|0,6500|||0,07|01|10,95|3,0000|||0,33||
|C170|5|7171||1,00000|UN|1,00|0,00|0|060|5405||0,00|0,00|0,00|0,00|0,00|0,00|0|||0,00|0,00|0,00|01|1,00|0,6500|||0,01|01|1,00|3,0000|||0,03||
|C100|1|0||65|00|001|4641|31220741132335000221650010000046411183031641|20072022|20072022|247,55|0|0,00||247,55|9|0,00|0,00|0,00|0,00|0,00||||1,61|7,43|0,00|0,00|
|C110|000001||
|C110|000002||
|C110|000003||
|C110|000004||
|C110|000005||
|C175|5405|247,55|0,00|01|247,55|0,6500|||1,61|01|247,55|3,0000|||7,43|||
|C100|1|0||65|00|001|4642|31220741132335000221650010000046421203319901|20072022|20072022|247,55|0|0,00||247,55|9|0,00|0,00|0,00|0,00|0,00||||1,61|7,43|0,00|0,00|
|C110|000001||
|C110|000002||
|C110|000003||
|C110|000004||
|C110|000005||
|C175|5405|247,55|0,00|01|247,55|0,6500|||1,61|01|247,55|3,0000|||7,43|||
|C100|1|0||65|00|001|4643|31220741132335000221650010000046431223608175|20072022|20072022|109,37|1|0,00||109,37|9|0,00|0,00|0,00|0,00|0,00||||0,71|3,29|0,00|0,00|
|C110|000001||
|C110|000002||
|C110|000003||
|C110|000004||
|C110|000005||
|C175|5405|109,37|0,00|01|109,37|0,6500|||0,71|01|109,37|3,0000|||3,29|||
|C100|1|0||65|00|001|4644|31220741132335000221650010000046441243896432|20072022|20072022|44,90|0|0,00||44,90|9|0,00|0,00|0,00|0,00|0,00||||0,29|1,35|0,00|0,00|
|C110|000001||
|C110|000002||
|C110|000003||
|C110|000004||
|C110|000005||
|C175|5405|44,90|0,00|01|44,90|0,6500|||0,29|01|44,90|3,0000|||1,35|||
|C100|1|0||65|00|001|4645|31220741132335000221650010000046451264184692|20072022|20072022|52,55|0|0,00||52,55|9|0,00|0,00|0,00|0,00|0,00||||0,34|1,58|0,00|0,00|
|C110|000001||
|C110|000002||
|C110|000003||
|C110|000004||
|C110|000005||
|C175|5405|52,55|0,00|01|52,55|0,6500|||0,34|01|52,55|3,0000|||1,58|||
|C100|1|0||65|00|001|4646|31220741132335000221650010000046461284472950|20072022|20072022|231,30|0|0,00||231,30|9|0,00|0,00|0,00|0,00|0,00||||1,50|6,94|0,00|0,00|
|C110|000001||
|C110|000002||
|C110|000003||
|C110|000004||
|C110|000005||
|C175|5405|231,30|0,00|01|231,30|0,6500|||1,50|01|231,30|3,0000|||6,94|||
|C100|1|0|3976|55|00|1|1404|31220741132335000221550010000014041155768863|20072022|20072022|887,30|0|0,00||887,30|1|0,00|0,00|0,00|326,16|58,71|0,00|0,00|0,00|5,75|26,62|0,00|0,00|
|C110|000001||
|C110|000002||
|C110|000003||
|C110|000004||
|C110|000005||
|C170|1|114||8,00000|UN|10,96|0,00|0|060|5405||0,00|0,00|0,00|0,00|0,00|0,00|0|||0,00|0,00|0,00|01|10,96|0,6500|||0,07|01|10,96|3,0000|||0,33||
|C170|2|2861||42,00000|UN|15,96|0,00|0|060|5405||0,00|0,00|0,00|0,00|0,00|0,00|0|||0,00|0,00|0,00|01|15,96|0,6500|||0,10|01|15,96|3,0000|||0,48||
|C170|3|121||15,00000|UN|42,30|0,00|0|060|5405||0,00|0,00|0,00|0,00|0,00|0,00|0|||0,00|0,00|0,00|01|42,30|0,6500|||0,27|01|42,30|3,0000|||1,27||
|C170|4|3875||21,00000|UN|106,89|0,00|0|060|5405||0,00|0,00|0,00|0,00|0,00|0,00|0|||0,00|0,00|0,00|01|106,89|0,6500|||0,69|01|106,89|3,0000|||3,21||
|C170|5|6221||1,00000|UN|6,16|0,00|0|060|5405||0,00|0,00|0,00|0,00|0,00|0,00|0|||0,00|0,00|0,00|01|6,16|0,6500|||0,04|01|6,16|3,0000|||0,18||
|C170|6|1656||21,00000|UN|183,12|0,00|0|000|5102||183,12|18,00|32,96|0,00|0,00|0,00|0|||0,00|0,00|0,00|01|183,12|0,6500|||1,19|01|183,12|3,0000|||5,49||
|C170|7|843||7,00000|MT|86,80|0,00|0|060|5405||0,00|0,00|0,00|0,00|0,00|0,00|0|||0,00|0,00|0,00|01|86,80|0,6500|||0,56|01|86,80|3,0000|||2,60||
|C170|8|216||9,00000|UN|28,44|0,00|0|060|5405||0,00|0,00|0,00|0,00|0,00|0,00|0|||0,00|0,00|0,00|01|28,44|0,6500|||0,18|01|28,44|3,0000|||0,85||
|C170|9|943||42,00000|UN|131,04|0,00|0|060|5405||0,00|0,00|0,00|0,00|0,00|0,00|0|||0,00|0,00|0,00|01|131,04|0,6500|||0,85|01|131,04|3,0000|||3,93||
|C170|10|549||1,00000|UN|8,69|0,00|0|060|5405||0,00|0,00|0,00|0,00|0,00|0,00|0|||0,00|0,00|0,00|01|8,69|0,6500|||0,06|01|8,69|3,0000|||0,26||
|C170|11|3873||21,00000|UN|123,90|0,00|0|060|5405||0,00|0,00|0,00|0,00|0,00|0,00|0|||0,00|0,00|0,00|01|123,90|0,6500|||0,81|01|123,90|3,0000|||3,72||
|C170|12|7149||30,00000|UN|25,50|0,00|0|000|5102||25,50|18,00|4,59|0,00|0,00|0,00|0|||0,00|0,00|0,00|01|25,50|0,6500|||0,17|01|25,50|3,0000|||0,77||
|C170|13|107||6,00000|UN|117,54|0,00|0|000|5102||117,54|18,00|21,16|0,00|0,00|0,00|0|||0,00|0,00|0,00|01|117,54|0,6500|||0,76|01|117,54|3,0000|||3,53||
|C100|1|0||65|00|001|4647|31220741132335000221650010000046471304761215|20072022|20072022|38,94|0|0,00||38,94|9|0,00|0,00|0,00|0,00|0,00||||0,25|1,17|0,00|0,00|
|C110|000001||
|C110|000002||
|C110|000003||
|C110|000004||
|C110|000005||
|C175|5405|38,94|0,00|01|38,94|0,6500|||0,25|01|38,94|3,0000|||1,17|||
|C100|1|0||65|00|001|4648|31220741132335000221650010000046481325049473|20072022|20072022|58,60|0|0,00||58,60|9|0,00|0,00|0,00|0,00|0,00||||0,38|1,76|0,00|0,00|
|C110|000001||
|C110|000002||
|C110|000003||
|C110|000004||
|C110|000005||
|C175|5405|58,60|0,00|01|58,60|0,6500|||0,38|01|58,60|3,0000|||1,76|||
|C100|1|0||65|00|001|4649|31220741132335000221650010000046491345337730|20072022|20072022|8,00|0|0,00||8,00|9|0,00|0,00|0,00|0,00|0,00||||0,05|0,24|0,00|0,00|
|C110|000001||
|C110|000002||
|C110|000003||
|C110|000004||
|C110|000005||
|C175|5405|8,00|0,00|01|8,00|0,6500|||0,05|01|8,00|3,0000|||0,24|||
|C100|1|0||65|00|001|4650|31220741132335000221650010000046501365626003|20072022|20072022|22,60|0|0,00||22,60|9|0,00|0,00|0,00|0,00|0,00||||0,15|0,68|0,00|0,00|
|C110|000001||
|C110|000002||
|C110|000003||
|C110|000004||
|C110|000005||
|C175|5405|22,60|0,00|01|22,60|0,6500|||0,15|01|22,60|3,0000|||0,68|||
|C100|1|0||65|00|001|4651|31220741132335000221650010000046511385914265|20072022|20072022|331,20|0|0,00||331,20|9|0,00|0,00|0,00|0,00|0,00||||2,16|9,93|0,00|0,00|
|C110|000001||
|C110|000002||
|C110|000003||
|C110|000004||
|C110|000005||
|C175|5405|331,20|0,00|01|331,20|0,6500|||2,16|01|331,20|3,0000|||9,93|||
|C100|1|0||65|00|001|4652|31220741132335000221650010000046521406202525|20072022|20072022|16,80|0|0,00||16,80|9|0,00|0,00|0,00|0,00|0,00||||0,11|0,50|0,00|0,00|
|C110|000001||
|C110|000002||
|C110|000003||
|C110|000004||
|C110|000005||
|C175|5405|16,80|0,00|01|16,80|0,6500|||0,11|01|16,80|3,0000|||0,50|||
|C100|1|0|3736|55|00|1|1405|31220741132335000221550010000014051306874290|20072022|20072022|689,00|1|0,00||689,00|1|0,00|0,00|0,00|269,00|48,42|0,00|0,00|0,00|4,48|20,67|0,00|0,00|
|C110|000001||
|C110|000002||
|C110|000003||
|C110|000004||
|C110|000005||
|C170|1|7416||20,00000|UN|420,00|0,00|0|060|5405||0,00|0,00|0,00|0,00|0,00|0,00|0|||0,00|0,00|0,00|01|420,00|0,6500|||2,73|01|420,00|3,0000|||12,60||
|C170|2|803||20,00000|UN|269,00|0,00|0|000|5102||269,00|18,00|48,42|0,00|0,00|0,00|0|||0,00|0,00|0,00|01|269,00|0,6500|||1,75|01|269,00|3,0000|||8,07||
|C100|1|0|3736|55|00|1|1406|31220741132335000221550010000014061327162555|20072022|20072022|1081,80|1|0,00||1081,80|1|0,00|0,00|0,00|226,80|40,82|0,00|0,00|0,00|7,03|32,45|0,00|0,00|
|C110|000001||
|C110|000002||
|C110|000003||
|C110|000004||
|C110|000005||
|C170|1|804||20,00000|UN|226,80|0,00|0|000|5102||226,80|18,00|40,82|0,00|0,00|0,00|0|||0,00|0,00|0,00|01|226,80|0,6500|||1,47|01|226,80|3,0000|||6,80||
|C170|2|7187||1,00000|UN|855,00|0,00|0|060|5405||0,00|0,00|0,00|0,00|0,00|0,00|0|||0,00|0,00|0,00|01|855,00|0,6500|||5,56|01|855,00|3,0000|||25,65||
|C100|1|0|3683|55|00|1|1407|31220741132335000221550010000014071272172942|20072022|20072022|45,80|0|0,00||45,80|1|0,00|0,00|0,00|0,00|0,00|0,00|0,00|0,00|0,30|1,37|0,00|0,00|
|C110|000001||
|C110|000002||
|C110|000003||
|C110|000004||
|C110|000005||
|C170|1|2824||1,00000|UN|8,10|0,00|0|060|5405||0,00|0,00|0,00|0,00|0,00|0,00|0|||0,00|0,00|0,00|01|8,10|0,6500|||0,05|01|8,10|3,0000|||0,24||
|C170|2|816||1,00000|UN|37,70|0,00|0|060|5405||0,00|0,00|0,00|0,00|0,00|0,00|0|||0,00|0,00|0,00|01|37,70|0,6500|||0,25|01|37,70|3,0000|||1,13||
|C100|1|0|3525|55|00|1|1408|31220741132335000221550010000014081086915830|20072022|20072022|266,01|1|0,00||266,01|1|0,00|0,00|0,00|266,01|47,88|0,00|0,00|0,00|1,73|7,98|0,00|0,00|
|C110|000009||
|C110|000001||
|C170|1|1610||1,00000|UN|266,01|0,00|0|000|5102||266,01|18,00|47,88|0,00|0,00|0,00|0|||0,00|0,00|0,00|01|266,01|0,6500|||1,73|01|266,01|3,0000|||7,98||
|C100|1|0|3978|55|00|1|1409|31220741132335000221550010000014091297786698|20072022|20072022|200,00|0|0,00||200,00|1|0,00|0,00|0,00|0,00|0,00|0,00|0,00|0,00|1,30|6,00|0,00|0,00|
|C110|000001||
|C110|000002||
|C110|000003||
|C110|000004||
|C110|000005||
|C170|1|130||2,00000|UN|67,60|0,00|0|060|5405||0,00|0,00|0,00|0,00|0,00|0,00|0|||0,00|0,00|0,00|01|67,60|0,6500|||0,44|01|67,60|3,0000|||2,03||
|C170|2|1932||3,00000|MT|16,77|0,00|0|060|5405||0,00|0,00|0,00|0,00|0,00|0,00|0|||0,00|0,00|0,00|01|16,77|0,6500|||0,11|01|16,77|3,0000|||0,50||
|C170|3|567||4,00000|UN|41,68|0,00|0|060|5405||0,00|0,00|0,00|0,00|0,00|0,00|0|||0,00|0,00|0,00|01|41,68|0,6500|||0,27|01|41,68|3,0000|||1,25||
|C170|4|158||2,00000|MT|42,68|0,00|0|060|5405||0,00|0,00|0,00|0,00|0,00|0,00|0|||0,00|0,00|0,00|01|42,68|0,6500|||0,28|01|42,68|3,0000|||1,28||
|C170|5|2236||6,00000|UN|28,98|0,00|0|060|5405||0,00|0,00|0,00|0,00|0,00|0,00|0|||0,00|0,00|0,00|01|28,98|0,6500|||0,19|01|28,98|3,0000|||0,87||
|C170|6|82||1,00000|UN|2,29|0,00|0|060|5405||0,00|0,00|0,00|0,00|0,00|0,00|0|||0,00|0,00|0,00|01|2,29|0,6500|||0,01|01|2,29|3,0000|||0,07||
|C100|1|0|3891|55|00|1|1410|31220741132335000221550010000014101552996185|20072022|20072022|479,22|1|47,48||479,22|1|0,00|0,00|0,00|0,00|0,00|0,00|0,00|0,00|3,10|14,38|0,00|0,00|
|C110|000001||
|C110|000002||
|C110|000003||
|C110|000004||
|C110|000005||
|C170|1|3809||1,00000|UN|40,00|3,96|0|060|5405||0,00|0,00|0,00|0,00|0,00|0,00|0|||0,00|0,00|0,00|01|40,00|0,6500|||0,26|01|40,00|3,0000|||1,20||
|C170|2|154||6,00000|MT|29,32|2,90|0|060|5405||0,00|0,00|0,00|0,00|0,00|0,00|0|||0,00|0,00|0,00|01|29,32|0,6500|||0,19|01|29,32|3,0000|||0,88||
|C170|3|4195||2,00000|UN|109,57|10,86|0|060|5405||0,00|0,00|0,00|0,00|0,00|0,00|0|||0,00|0,00|0,00|01|109,57|0,6500|||0,71|01|109,57|3,0000|||3,29||
|C170|4|5645||5,00000|UN|21,24|2,11|0|060|5405||0,00|0,00|0,00|0,00|0,00|0,00|0|||0,00|0,00|0,00|01|21,24|0,6500|||0,14|01|21,24|3,0000|||0,64||
|C170|5|5665||8,00000|UN|32,10|3,18|0|060|5405||0,00|0,00|0,00|0,00|0,00|0,00|0|||0,00|0,00|0,00|01|32,10|0,6500|||0,21|01|32,10|3,0000|||0,96||
|C170|6|7084||2,00000|UN|106,86|10,59|0|060|5405||0,00|0,00|0,00|0,00|0,00|0,00|0|||0,00|0,00|0,00|01|106,86|0,6500|||0,69|01|106,86|3,0000|||3,21||
|C170|7|6537||1,00000|UN|35,46|3,51|0|060|5405||0,00|0,00|0,00|0,00|0,00|0,00|0|||0,00|0,00|0,00|01|35,46|0,6500|||0,23|01|35,46|3,0000|||1,06||
|C170|8|2078||6,00000|MT|29,32|2,90|0|060|5405||0,00|0,00|0,00|0,00|0,00|0,00|0|||0,00|0,00|0,00|01|29,32|0,6500|||0,19|01|29,32|3,0000|||0,88||
|C170|9|5677||8,00000|UN|20,62|2,04|0|060|5405||0,00|0,00|0,00|0,00|0,00|0,00|0|||0,00|0,00|0,00|01|20,62|0,6500|||0,13|01|20,62|3,0000|||0,62||
|C170|10|5663||8,00000|UN|34,06|3,38|0|060|5405||0,00|0,00|0,00|0,00|0,00|0,00|0|||0,00|0,00|0,00|01|34,06|0,6500|||0,22|01|34,06|3,0000|||1,02||
|C170|11|5675||8,00000|UN|20,67|2,05|0|060|5405||0,00|0,00|0,00|0,00|0,00|0,00|0|||0,00|0,00|0,00|01|20,67|0,6500|||0,13|01|20,67|3,0000|||0,62||
|C100|1|0|3297|55|00|1|1411|31220741132335000221550010000014111522056920|20072022|20072022|982,06|0|0,00||982,06|1|0,00|0,00|0,00|275,71|49,63|0,00|0,00|0,00|6,39|29,48|0,00|0,00|
|C110|000009||
|C110|000001||
|C110|000002||
|C110|000003||
|C110|000004||
|C110|000005||
|C170|1|5718||1,00000|UN|159,33|0,00|0|060|5405||0,00|0,00|0,00|0,00|0,00|0,00|0|||0,00|0,00|0,00|01|159,33|0,6500|||1,04|01|159,33|3,0000|||4,78||
|C170|2|263||8,00000|UN|20,08|0,00|0|060|5405||0,00|0,00|0,00|0,00|0,00|0,00|0|||0,00|0,00|0,00|01|20,08|0,6500|||0,13|01|20,08|3,0000|||0,60||
|C170|3|3841||8,00000|UN|27,20|0,00|0|060|5405||0,00|0,00|0,00|0,00|0,00|0,00|0|||0,00|0,00|0,00|01|27,20|0,6500|||0,18|01|27,20|3,0000|||0,82||
|C170|4|7744||3,00000|UN|22,50|0,00|0|060|5405||0,00|0,00|0,00|0,00|0,00|0,00|0|||0,00|0,00|0,00|01|22,50|0,6500|||0,15|01|22,50|3,0000|||0,68||
|C170|5|4362||1,00000|UN|23,71|0,00|0|000|5102||23,71|18,00|4,27|0,00|0,00|0,00|0|||0,00|0,00|0,00|01|23,71|0,6500|||0,15|01|23,71|3,0000|||0,71||
|C170|6|791||3,00000|UN|107,85|0,00|0|060|5405||0,00|0,00|0,00|0,00|0,00|0,00|0|||0,00|0,00|0,00|01|107,85|0,6500|||0,70|01|107,85|3,0000|||3,24||
|C170|7|5065||1,00000|UN|32,96|0,00|0|060|5405||0,00|0,00|0,00|0,00|0,00|0,00|0|||0,00|0,00|0,00|01|32,96|0,6500|||0,21|01|32,96|3,0000|||0,99||
|C170|8|5140||8,00000|UN|27,20|0,00|0|060|5405||0,00|0,00|0,00|0,00|0,00|0,00|0|||0,00|0,00|0,00|01|27,20|0,6500|||0,18|01|27,20|3,0000|||0,82||
|C170|9|3818||200,00000|MT|266,00|0,00|0|060|5405||0,00|0,00|0,00|0,00|0,00|0,00|0|||0,00|0,00|0,00|01|266,00|0,6500|||1,73|01|266,00|3,0000|||7,98||
|C170|10|7364||3,00000|UN|43,23|0,00|0|060|5405||0,00|0,00|0,00|0,00|0,00|0,00|0|||0,00|0,00|0,00|01|43,23|0,6500|||0,28|01|43,23|3,0000|||1,30||
|C170|11|5354||5,00000|UN|252,00|0,00|0|000|5102||252,00|18,00|45,36|0,00|0,00|0,00|0|||0,00|0,00|0,00|01|252,00|0,6500|||1,64|01|252,00|3,0000|||7,56||
|C100|1|0||65|00|001|4653|31220741132335000221650010000046531426490787|20072022|20072022|87,90|0|0,00||87,90|9|0,00|0,00|0,00|66,34|11,94||||0,57|2,64|0,00|0,00|
|C110|000001||
|C110|000002||
|C110|000003||
|C110|000004||
|C110|000005||
|C175|5102|66,34|0,00|01|66,34|0,6500|||0,43|01|66,34|3,0000|||1,99|||
|C175|5405|21,56|0,00|01|21,56|0,6500|||0,14|01|21,56|3,0000|||0,65|||
|C100|1|0||65|00|001|4654|31220741132335000221650010000046541446779046|20072022|20072022|67,10|0|0,00||67,10|9|0,00|0,00|0,00|0,00|0,00||||0,44|2,01|0,00|0,00|
|C110|000001||
|C110|000002||
|C110|000003||
|C110|000004||
|C110|000005||
|C175|5405|67,10|0,00|01|67,10|0,6500|||0,44|01|67,10|3,0000|||2,01|||
|C100|1|0||65|00|001|4655|31220741132335000221650010000046551467067301|20072022|20072022|126,48|0|0,00||126,48|9|0,00|0,00|0,00|126,48|22,77||||0,82|3,80|0,00|0,00|
|C110|000001||
|C110|000002||
|C110|000003||
|C110|000004||
|C110|000005||
|C175|5102|126,48|0,00|01|126,48|0,6500|||0,82|01|126,48|3,0000|||3,80|||
|C100|1|0||65|00|001|4656|31220741132335000221650010000046561487355571|20072022|20072022|7,85|0|0,00||7,85|9|0,00|0,00|0,00|0,00|0,00||||0,05|0,24|0,00|0,00|
|C110|000001||
|C110|000002||
|C110|000003||
|C110|000004||
|C110|000005||
|C175|5405|7,85|0,00|01|7,85|0,6500|||0,05|01|7,85|3,0000|||0,24|||
|C100|1|0||65|00|001|4657|31220741132335000221650010000046571507643833|20072022|20072022|100,87|0|0,00||100,87|9|0,00|0,00|0,00|0,00|0,00||||0,66|3,03|0,00|0,00|
|C110|000001||
|C110|000002||
|C110|000003||
|C110|000004||
|C110|000005||
|C175|5405|100,87|0,00|01|100,87|0,6500|||0,66|01|100,87|3,0000|||3,03|||
|C100|1|0||65|00|001|4658|31220741132335000221650010000046581527932099|20072022|20072022|1825,46|1|0,00||1825,46|9|0,00|0,00|0,00|1270,41|228,67||||11,87|54,75|0,00|0,00|
|C110|000001||
|C110|000002||
|C110|000003||
|C110|000004||
|C110|000005||
|C175|5102|1270,41|0,00|01|1270,41|0,6500|||8,27|01|1270,41|3,0000|||38,10|||
|C175|5405|555,05|0,00|01|555,05|0,6500|||3,60|01|555,05|3,0000|||16,65|||
|C100|1|0||65|00|001|4659|31220741132335000221650010000046591548220354|20072022|20072022|382,13|0|0,00||382,13|9|0,00|0,00|0,00|382,13|68,78||||2,48|11,46|0,00|0,00|
|C110|000001||
|C110|000002||
|C110|000003||
|C110|000004||
|C110|000005||
|C175|5102|382,13|0,00|01|382,13|0,6500|||2,48|01|382,13|3,0000|||11,46|||
|C100|1|0||65|00|001|4660|31220741132335000221650010000046601568508613|20072022|20072022|147,66|1|0,00||147,66|9|0,00|0,00|0,00|147,66|26,58||||0,96|4,43|0,00|0,00|
|C110|000001||
|C110|000002||
|C110|000003||
|C110|000004||
|C110|000005||
|C175|5102|147,66|0,00|01|147,66|0,6500|||0,96|01|147,66|3,0000|||4,43|||
|C100|1|0|3975|55|00|1|1412|31220741132335000221550010000014121297786693|20072022|20072022|371,23|0|0,00||371,23|1|0,00|0,00|0,00|22,80|4,10|0,00|0,00|0,00|2,43|11,13|0,00|0,00|
|C110|000001||
|C110|000002||
|C110|000003||
|C110|000004||
|C110|000005||
|C170|1|1556||4,00000|UN|0,80|0,00|0|060|5405||0,00|0,00|0,00|0,00|0,00|0,00|0|||0,00|0,00|0,00|01|0,80|0,6500|||0,01|01|0,80|3,0000|||0,02||
|C170|2|1665||2,00000|MT|2,46|0,00|0|060|5405||0,00|0,00|0,00|0,00|0,00|0,00|0|||0,00|0,00|0,00|01|2,46|0,6500|||0,02|01|2,46|3,0000|||0,07||
|C170|3|7912||6,00000|UN|22,80|0,00|0|000|5102||22,80|18,00|4,10|0,00|0,00|0,00|0|||0,00|0,00|0,00|01|22,80|0,6500|||0,15|01|22,80|3,0000|||0,68||
|C170|4|1630||30,00000|UN|4,50|0,00|0|060|5405||0,00|0,00|0,00|0,00|0,00|0,00|0|||0,00|0,00|0,00|01|4,50|0,6500|||0,03|01|4,50|3,0000|||0,14||
|C170|5|1405||4,00000|UN|1,20|0,00|0|060|5405||0,00|0,00|0,00|0,00|0,00|0,00|0|||0,00|0,00|0,00|01|1,20|0,6500|||0,01|01|1,20|3,0000|||0,04||
|C170|6|2111||2,00000|MT|2,46|0,00|0|060|5405||0,00|0,00|0,00|0,00|0,00|0,00|0|||0,00|0,00|0,00|01|2,46|0,6500|||0,02|01|2,46|3,0000|||0,07||
|C170|7|2069||2,00000|MT|5,06|0,00|0|060|5405||0,00|0,00|0,00|0,00|0,00|0,00|0|||0,00|0,00|0,00|01|5,06|0,6500|||0,03|01|5,06|3,0000|||0,15||
|C170|8|73||1,00000|UN|7,75|0,00|0|060|5405||0,00|0,00|0,00|0,00|0,00|0,00|0|||0,00|0,00|0,00|01|7,75|0,6500|||0,05|01|7,75|3,0000|||0,23||
|C170|9|619||4,00000|UN|4,20|0,00|0|060|5405||0,00|0,00|0,00|0,00|0,00|0,00|0|||0,00|0,00|0,00|01|4,20|0,6500|||0,03|01|4,20|3,0000|||0,13||
|C170|10|1127||1,00000|UN|320,00|0,00|0|060|5405||0,00|0,00|0,00|0,00|0,00|0,00|0|||0,00|0,00|0,00|01|320,00|0,6500|||2,08|01|320,00|3,0000|||9,60||
|C100|1|0||65|00|001|4661|31220741132335000221650010000046611588796875|21072022|21072022|561,59|1|0,00||561,59|9|0,00|0,00|0,00|0,00|0,00||||3,66|16,84|0,00|0,00|
|C110|000001||
|C110|000002||
|C110|000003||
|C110|000004||
|C110|000005||
|C175|5405|561,59|0,00|01|561,59|0,6500|||3,66|01|561,59|3,0000|||16,84|||
|C100|1|0||65|00|001|4662|31220741132335000221650010000046621609085147|21072022|21072022|75,03|0|0,00||75,03|9|0,00|0,00|0,00|0,00|0,00||||0,49|2,26|0,00|0,00|
|C110|000001||
|C110|000002||
|C110|000003||
|C110|000004||
|C110|000005||
|C175|5405|75,03|0,00|01|75,03|0,6500|||0,49|01|75,03|3,0000|||2,26|||
|C100|1|0||65|00|001|4663|31220741132335000221650010000046631629373404|21072022|21072022|227,95|1|0,00||227,95|9|0,00|0,00|0,00|0,00|0,00||||1,48|6,84|0,00|0,00|
|C110|000001||
|C110|000002||
|C110|000003||
|C110|000004||
|C110|000005||
|C175|5405|227,95|0,00|01|227,95|0,6500|||1,48|01|227,95|3,0000|||6,84|||
|C100|1|0||65|00|001|4664|31220741132335000221650010000046641649661666|21072022|21072022|14,36|0|0,00||14,36|9|0,00|0,00|0,00|0,00|0,00||||0,09|0,43|0,00|0,00|
|C110|000001||
|C110|000002||
|C110|000003||
|C110|000004||
|C110|000005||
|C175|5405|14,36|0,00|01|14,36|0,6500|||0,09|01|14,36|3,0000|||0,43|||
|C100|1|0||65|00|001|4665|31220741132335000221650010000046651669949921|21072022|21072022|97,00|0|0,00||97,00|9|0,00|0,00|0,00|0,00|0,00||||0,63|2,91|0,00|0,00|
|C110|000001||
|C110|000002||
|C110|000003||
|C110|000004||
|C110|000005||
|C175|5405|97,00|0,00|01|97,00|0,6500|||0,63|01|97,00|3,0000|||2,91|||
|C100|1|0||65|00|001|4666|31220741132335000221650010000046661690238181|21072022|21072022|15,90|0|0,00||15,90|9|0,00|0,00|0,00|0,00|0,00||||0,10|0,48|0,00|0,00|
|C110|000001||
|C110|000002||
|C110|000003||
|C110|000004||
|C110|000005||
|C175|5405|15,90|0,00|01|15,90|0,6500|||0,10|01|15,90|3,0000|||0,48|||
|C100|1|0||65|00|001|4667|31220741132335000221650010000046671710526443|21072022|21072022|95,22|0|0,00||95,22|9|0,00|0,00|0,00|0,00|0,00||||0,62|2,86|0,00|0,00|
|C110|000001||
|C110|000002||
|C110|000003||
|C110|000004||
|C110|000005||
|C175|5405|95,22|0,00|01|95,22|0,6500|||0,62|01|95,22|3,0000|||2,86|||
|C100|1|0||65|00|001|4668|31220741132335000221650010000046681730814719|21072022|21072022|469,75|0|0,00||469,75|9|0,00|0,00|0,00|0,00|0,00||||3,05|14,09|0,00|0,00|
|C110|000001||
|C110|000002||
|C110|000003||
|C110|000004||
|C110|000005||
|C175|5405|469,75|0,00|01|469,75|0,6500|||3,05|01|469,75|3,0000|||14,09|||
|C100|1|0||65|00|001|4669|31220741132335000221650010000046691751102979|21072022|21072022|199,10|0|0,00||199,10|9|0,00|0,00|0,00|0,00|0,00||||1,29|5,98|0,00|0,00|
|C110|000001||
|C110|000002||
|C110|000003||
|C110|000004||
|C110|000005||
|C175|5405|199,10|0,00|01|199,10|0,6500|||1,29|01|199,10|3,0000|||5,98|||
|C100|1|0||65|00|001|4670|31220741132335000221650010000046701771391233|21072022|21072022|64,90|0|0,00||64,90|9|0,00|0,00|0,00|0,00|0,00||||0,42|1,95|0,00|0,00|
|C110|000001||
|C110|000002||
|C110|000003||
|C110|000004||
|C110|000005||
|C175|5405|64,90|0,00|01|64,90|0,6500|||0,42|01|64,90|3,0000|||1,95|||
|C100|1|0|3980|55|00|1|1413|31220741132335000221550010000014131419516269|21072022|21072022|1044,66|0|0,00||1044,66|1|0,00|0,00|0,00|0,00|0,00|0,00|0,00|0,00|6,79|31,34|0,00|0,00|
|C110|000001||
|C110|000002||
|C110|000003||
|C110|000004||
|C110|000005||
|C170|1|4563||1,00000|UN|76,56|0,00|0|060|5405||0,00|0,00|0,00|0,00|0,00|0,00|0|||0,00|0,00|0,00|01|76,56|0,6500|||0,50|01|76,56|3,0000|||2,30||
|C170|2|4935||11,00000|UN|880,00|0,00|0|060|5405||0,00|0,00|0,00|0,00|0,00|0,00|0|||0,00|0,00|0,00|01|880,00|0,6500|||5,72|01|880,00|3,0000|||26,40||
|C170|3|506||1,00000|UN|88,10|0,00|0|060|5405||0,00|0,00|0,00|0,00|0,00|0,00|0|||0,00|0,00|0,00|01|88,10|0,6500|||0,57|01|88,10|3,0000|||2,64||
|C100|1|0||65|00|001|4671|31220741132335000221650010000046711791679493|21072022|21072022|297,00|0|0,00||297,00|9|0,00|0,00|0,00|0,00|0,00||||1,93|8,91|0,00|0,00|
|C110|000001||
|C110|000002||
|C110|000003||
|C110|000004||
|C110|000005||
|C175|5405|297,00|0,00|01|297,00|0,6500|||1,93|01|297,00|3,0000|||8,91|||
|C100|1|0||65|00|001|4672|31220741132335000221650010000046721811967755|21072022|21072022|561,72|1|0,00||561,72|9|0,00|0,00|0,00|0,00|0,00||||3,67|16,84|0,00|0,00|
|C110|000001||
|C110|000002||
|C110|000003||
|C110|000004||
|C110|000005||
|C175|5405|561,72|0,00|01|561,72|0,6500|||3,67|01|561,72|3,0000|||16,84|||
|C100|1|0||65|00|001|4673|31220741132335000221650010000046731832256014|21072022|21072022|287,75|1|0,00||287,75|9|0,00|0,00|0,00|287,75|51,80||||1,87|8,63|0,00|0,00|
|C110|000001||
|C110|000002||
|C110|000003||
|C110|000004||
|C110|000005||
|C175|5102|287,75|0,00|01|287,75|0,6500|||1,87|01|287,75|3,0000|||8,63|||
|C100|1|0||65|00|001|4674|31220741132335000221650010000046741852544284|21072022|21072022|130,44|0|0,00||130,44|9|0,00|0,00|0,00|0,00|0,00||||0,85|3,92|0,00|0,00|
|C110|000001||
|C110|000002||
|C110|000003||
|C110|000004||
|C110|000005||
|C175|5405|130,44|0,00|01|130,44|0,6500|||0,85|01|130,44|3,0000|||3,92|||
|C100|1|0||65|00|001|4675|31220741132335000221650010000046751872832541|21072022|21072022|974,21|1|0,00||974,21|9|0,00|0,00|0,00|0,00|0,00||||6,31|29,23|0,00|0,00|
|C110|000001||
|C110|000002||
|C110|000003||
|C110|000004||
|C110|000005||
|C175|5405|974,21|0,00|01|974,21|0,6500|||6,31|01|974,21|3,0000|||29,23|||
|C100|1|0|3975|55|00|1|1416|31220741132335000221550010000014161378939740|21072022|21072022|44,55|0|0,00||44,55|1|0,00|0,00|0,00|0,00|0,00|0,00|0,00|0,00|0,29|1,33|0,00|0,00|
|C110|000001||
|C110|000002||
|C110|000003||
|C110|000004||
|C110|000005||
|C170|1|2066||8,00000|MT|9,76|0,00|0|060|5405||0,00|0,00|0,00|0,00|0,00|0,00|0|||0,00|0,00|0,00|01|9,76|0,6500|||0,06|01|9,76|3,0000|||0,29||
|C170|2|2059||1,00000|UN|34,79|0,00|0|060|5405||0,00|0,00|0,00|0,00|0,00|0,00|0|||0,00|0,00|0,00|01|34,79|0,6500|||0,23|01|34,79|3,0000|||1,04||
|C100|1|0||65|00|001|4676|31220741132335000221650010000046761893120807|22072022|22072022|61,36|0|0,00||61,36|9|0,00|0,00|0,00|0,00|0,00||||0,41|1,84|0,00|0,00|
|C110|000001||
|C110|000002||
|C110|000003||
|C110|000004||
|C110|000005||
|C175|5405|61,36|0,00|01|61,36|0,6500|||0,41|01|61,36|3,0000|||1,84|||
|C100|1|0||65|00|001|4677|31220741132335000221650010000046771913409065|22072022|22072022|1251,51|0|0,00||1251,51|9|0,00|0,00|0,00|0,00|0,00||||8,12|37,55|0,00|0,00|
|C110|000001||
|C110|000002||
|C110|000003||
|C110|000004||
|C110|000005||
|C175|5405|1251,51|0,00|01|1251,51|0,6500|||8,12|01|1251,51|3,0000|||37,55|||
|C100|1|0||65|00|001|4678|31220741132335000221650010000046781933697322|22072022|22072022|86,90|0|0,00||86,90|9|0,00|0,00|0,00|0,00|0,00||||0,56|2,60|0,00|0,00|
|C110|000001||
|C110|000002||
|C110|000003||
|C110|000004||
|C110|000005||
|C175|5405|86,90|0,00|01|86,90|0,6500|||0,56|01|86,90|3,0000|||2,60|||
|C100|1|0|3884|55|00|1|1418|31220741132335000221550010000014181573284441|22072022|22072022|49,98|0|0,07||49,98|1|0,00|0,00|0,00|0,00|0,00|0,00|0,00|0,00|0,32|1,50|0,00|0,00|
|C110|000032||
|C110|000033||
|C110|000001||
|C110|000002||
|C110|000003||
|C110|000004||
|C110|000005||
|C170|1|2447||7,00000|UN|49,98|0,07|0|060|5405||0,00|0,00|0,00|0,00|0,00|0,00|0|||0,00|0,00|0,00|01|49,98|0,6500|||0,32|01|49,98|3,0000|||1,50||
|C100|1|0||65|00|001|4679|31220741132335000221650010000046791953985584|22072022|22072022|87,60|0|0,00||87,60|9|0,00|0,00|0,00|0,00|0,00||||0,56|2,63|0,00|0,00|
|C110|000001||
|C110|000002||
|C110|000003||
|C110|000004||
|C110|000005||
|C175|5405|87,60|0,00|01|87,60|0,6500|||0,56|01|87,60|3,0000|||2,63|||
|C100|1|0||65|00|001|4680|31220741132335000221650010000046801974273843|22072022|22072022|87,20|0|0,00||87,20|9|0,00|0,00|0,00|0,00|0,00||||0,57|2,62|0,00|0,00|
|C110|000001||
|C110|000002||
|C110|000003||
|C110|000004||
|C110|000005||
|C175|5405|87,20|0,00|01|87,20|0,6500|||0,57|01|87,20|3,0000|||2,62|||
|C100|1|0||65|00|001|4681|31220741132335000221650010000046811994562112|22072022|22072022|302,01|0|0,00||302,01|9|0,00|0,00|0,00|46,99|8,47||||1,99|9,05|0,00|0,00|
|C110|000001||
|C110|000002||
|C110|000003||
|C110|000004||
|C110|000005||
|C175|5102|46,99|0,00|01|46,99|0,6500|||0,33|01|46,99|3,0000|||1,40|||
|C175|5405|255,02|0,00|01|255,02|0,6500|||1,66|01|255,02|3,0000|||7,65|||
|C100|1|0||65|00|001|4682|31220741132335000221650010000046821014850389|22072022|22072022|39,60|0|0,00||39,60|9|0,00|0,00|0,00|0,00|0,00||||0,26|1,19|0,00|0,00|
|C110|000001||
|C110|000002||
|C110|000003||
|C110|000004||
|C110|000005||
|C175|5405|39,60|0,00|01|39,60|0,6500|||0,26|01|39,60|3,0000|||1,19|||
|C100|1|0||65|00|001|4683|31220741132335000221650010000046831035138642|22072022|22072022|241,05|0|0,00||241,05|9|0,00|0,00|0,00|0,00|0,00||||1,58|7,25|0,00|0,00|
|C110|000001||
|C110|000002||
|C110|000003||
|C110|000004||
|C110|000005||
|C175|5405|241,05|0,00|01|241,05|0,6500|||1,58|01|241,05|3,0000|||7,25|||
|C100|1|0||65|00|001|4684|31220741132335000221650010000046841055426900|22072022|22072022|75,40|0|0,00||75,40|9|0,00|0,00|0,00|0,00|0,00||||0,49|2,25|0,00|0,00|
|C110|000001||
|C110|000002||
|C110|000003||
|C110|000004||
|C110|000005||
|C175|5405|75,40|0,00|01|75,40|0,6500|||0,49|01|75,40|3,0000|||2,25|||
|C100|1|0||65|00|001|4685|31220741132335000221650010000046851075715165|22072022|22072022|1157,61|0|0,00||1157,61|9|0,00|0,00|0,00|147,17|26,49||||7,54|34,75|0,00|0,00|
|C110|000001||
|C110|000002||
|C110|000003||
|C110|000004||
|C110|000005||
|C175|5102|147,17|0,00|01|147,17|0,6500|||0,97|01|147,17|3,0000|||4,43|||
|C175|5405|1010,44|0,00|01|1010,44|0,6500|||6,57|01|1010,44|3,0000|||30,32|||
|C100|1|0||65|00|001|4686|31220741132335000221650010000046861096003420|22072022|22072022|15,55|0|0,00||15,55|9|0,00|0,00|0,00|0,00|0,00||||0,10|0,47|0,00|0,00|
|C110|000001||
|C110|000002||
|C110|000003||
|C110|000004||
|C110|000005||
|C175|5405|15,55|0,00|01|15,55|0,6500|||0,10|01|15,55|3,0000|||0,47|||
|C100|1|0|3131|55|00|1|1419|31220741132335000221550010000014191316511551|22072022|22072022|159,00|1|0,00||159,00|1|0,00|0,00|0,00|0,00|0,00|0,00|0,00|0,00|1,02|4,77|0,00|0,00|
|C110|000009||
|C110|000001||
|C110|000002||
|C110|000003||
|C110|000004||
|C110|000005||
|C170|1|2062||2,00000|MT|5,04|0,00|0|060|5405||0,00|0,00|0,00|0,00|0,00|0,00|0|||0,00|0,00|0,00|01|5,04|0,6500|||0,03|01|5,04|3,0000|||0,15||
|C170|2|3593||8,00000|UN|15,36|0,00|0|060|5405||0,00|0,00|0,00|0,00|0,00|0,00|0|||0,00|0,00|0,00|01|15,36|0,6500|||0,10|01|15,36|3,0000|||0,46||
|C170|3|2178||15,00000|MT|20,70|0,00|0|060|5405||0,00|0,00|0,00|0,00|0,00|0,00|0|||0,00|0,00|0,00|01|20,70|0,6500|||0,13|01|20,70|3,0000|||0,62||
|C170|4|1383||6,00000|MT|23,70|0,00|0|060|5405||0,00|0,00|0,00|0,00|0,00|0,00|0|||0,00|0,00|0,00|01|23,70|0,6500|||0,15|01|23,70|3,0000|||0,71||
|C170|5|3591||7,00000|UN|25,20|0,00|0|060|5405||0,00|0,00|0,00|0,00|0,00|0,00|0|||0,00|0,00|0,00|01|25,20|0,6500|||0,16|01|25,20|3,0000|||0,76||
|C170|6|2583||25,00000|MT|69,00|0,00|0|060|5405||0,00|0,00|0,00|0,00|0,00|0,00|0|||0,00|0,00|0,00|01|69,00|0,6500|||0,45|01|69,00|3,0000|||2,07||
|C100|1|0|3138|55|00|1|1420|31220741132335000221550010000014201478817657|22072022|22072022|300,00|1|0,00||300,00|0|0,00|0,00|0,00|0,00|0,00|0,00|0,00|0,00|1,95|9,00|0,00|0,00|
|C110|000034||
|C110|000001||
|C110|000002||
|C110|000003||
|C110|000004||
|C110|000005||
|C170|1|3752||3,00000|UN|300,00|0,00|0|060|5405||0,00|0,00|0,00|0,00|0,00|0,00|0|||0,00|0,00|0,00|01|300,00|0,6500|||1,95|01|300,00|3,0000|||9,00||
|C100|1|0|3904|55|00|1|1421|31220741132335000221550010000014211039914469|22072022|22072022|84,99|1|0,00||84,99|1|0,00|0,00|0,00|0,00|0,00|0,00|0,00|0,00|0,56|2,54|0,00|0,00|
|C110|000001||
|C110|000002||
|C110|000003||
|C110|000004||
|C110|000005||
|C170|1|943||2,00000|UN|62,84|0,00|0|060|5405||0,00|0,00|0,00|0,00|0,00|0,00|0|||0,00|0,00|0,00|01|62,84|0,6500|||0,41|01|62,84|3,0000|||1,89||
|C170|2|196||1,00000|UN|0,83|0,00|0|060|5405||0,00|0,00|0,00|0,00|0,00|0,00|0|||0,00|0,00|0,00|01|0,83|0,6500|||0,01|01|0,83|3,0000|||0,02||
|C170|3|201||2,00000|UN|14,16|0,00|0|060|5405||0,00|0,00|0,00|0,00|0,00|0,00|0|||0,00|0,00|0,00|01|14,16|0,6500|||0,09|01|14,16|3,0000|||0,42||
|C170|4|183||2,00000|UN|7,16|0,00|0|060|5405||0,00|0,00|0,00|0,00|0,00|0,00|0|||0,00|0,00|0,00|01|7,16|0,6500|||0,05|01|7,16|3,0000|||0,21||
|C100|1|0|3744|55|00|1|1423|31220741132335000221550010000014231834369097|22072022|22072022|106,00|1|0,00||106,00|1|0,00|0,00|0,00|0,00|0,00|0,00|0,00|0,00|0,69|3,18|0,00|0,00|
|C110|000001||
|C110|000002||
|C110|000003||
|C110|000004||
|C110|000005||
|C170|1|1899||1,00000|UN|106,00|0,00|0|060|5405||0,00|0,00|0,00|0,00|0,00|0,00|0|||0,00|0,00|0,00|01|106,00|0,6500|||0,69|01|106,00|3,0000|||3,18||
|C100|1|0||65|00|001|4687|31220741132335000221650010000046871116291695|25072022|25072022|94,35|0|0,00||94,35|9|0,00|0,00|0,00|0,00|0,00||||0,61|2,83|0,00|0,00|
|C110|000001||
|C110|000002||
|C110|000003||
|C110|000004||
|C110|000005||
|C175|5405|94,35|0,00|01|94,35|0,6500|||0,61|01|94,35|3,0000|||2,83|||
|C100|1|0||65|00|001|4688|31220741132335000221650010000046881136579950|25072022|25072022|25,10|0|0,00||25,10|9|0,00|0,00|0,00|0,00|0,00||||0,16|0,75|0,00|0,00|
|C110|000001||
|C110|000002||
|C110|000003||
|C110|000004||
|C110|000005||
|C175|5405|25,10|0,00|01|25,10|0,6500|||0,16|01|25,10|3,0000|||0,75|||
|C100|1|0||65|00|001|4689|31220741132335000221650010000046891156868211|25072022|25072022|162,70|1|0,00||162,70|9|0,00|0,00|0,00|0,00|0,00||||1,04|4,88|0,00|0,00|
|C110|000001||
|C110|000002||
|C110|000003||
|C110|000004||
|C110|000005||
|C175|5405|162,70|0,00|01|162,70|0,6500|||1,04|01|162,70|3,0000|||4,88|||
|C100|1|0||65|00|001|4690|31220741132335000221650010000046901177156475|25072022|25072022|1403,22|0|0,00||1403,22|9|0,00|0,00|0,00|0,00|0,00||||9,10|42,12|0,00|0,00|
|C110|000001||
|C110|000002||
|C110|000003||
|C110|000004||
|C110|000005||
|C175|5405|1403,22|0,00|01|1403,22|0,6500|||9,10|01|1403,22|3,0000|||42,12|||
|C100|1|0||65|00|001|4691|31220741132335000221650010000046911197444732|25072022|25072022|583,69|0|0,00||583,69|9|0,00|0,00|0,00|0,00|0,00||||3,79|17,51|0,00|0,00|
|C110|000001||
|C110|000002||
|C110|000003||
|C110|000004||
|C110|000005||
|C175|5405|583,69|0,00|01|583,69|0,6500|||3,79|01|583,69|3,0000|||17,51|||
|C100|1|0||65|00|001|4692|31220741132335000221650010000046921217732999|25072022|25072022|425,26|0|0,00||425,26|9|0,00|0,00|0,00|0,00|0,00||||2,76|12,76|0,00|0,00|
|C110|000001||
|C110|000002||
|C110|000003||
|C110|000004||
|C110|000005||
|C175|5405|425,26|0,00|01|425,26|0,6500|||2,76|01|425,26|3,0000|||12,76|||
|C100|1|0||65|00|001|4693|31220741132335000221650010000046931238021266|25072022|25072022|196,20|0|0,00||196,20|9|0,00|0,00|0,00|0,00|0,00||||1,28|5,89|0,00|0,00|
|C110|000001||
|C110|000002||
|C110|000003||
|C110|000004||
|C110|000005||
|C175|5405|196,20|0,00|01|196,20|0,6500|||1,28|01|196,20|3,0000|||5,89|||
|C100|1|0||65|00|001|4694|31220741132335000221650010000046941258309521|25072022|25072022|98,90|0|0,00||98,90|9|0,00|0,00|0,00|0,00|0,00||||0,64|2,97|0,00|0,00|
|C110|000001||
|C110|000002||
|C110|000003||
|C110|000004||
|C110|000005||
|C175|5405|98,90|0,00|01|98,90|0,6500|||0,64|01|98,90|3,0000|||2,97|||
|C100|1|0||65|00|001|4695|31220741132335000221650010000046951278597783|25072022|25072022|118,70|0|0,00||118,70|9|0,00|0,00|0,00|0,00|0,00||||0,77|3,56|0,00|0,00|
|C110|000001||
|C110|000002||
|C110|000003||
|C110|000004||
|C110|000005||
|C175|5405|118,70|0,00|01|118,70|0,6500|||0,77|01|118,70|3,0000|||3,56|||
|C100|1|0||65|00|001|4696|31220741132335000221650010000046961298886044|25072022|25072022|138,20|0|0,00||138,20|9|0,00|0,00|0,00|0,00|0,00||||0,89|4,14|0,00|0,00|
|C110|000001||
|C110|000002||
|C110|000003||
|C110|000004||
|C110|000005||
|C175|5405|138,20|0,00|01|138,20|0,6500|||0,89|01|138,20|3,0000|||4,14|||
|C100|1|0||65|00|001|4697|31220741132335000221650010000046971319174304|25072022|25072022|192,35|0|0,00||192,35|9|0,00|0,00|0,00|0,00|0,00||||1,24|5,78|0,00|0,00|
|C110|000001||
|C110|000002||
|C110|000003||
|C110|000004||
|C110|000005||
|C175|5405|192,35|0,00|01|192,35|0,6500|||1,24|01|192,35|3,0000|||5,78|||
|C100|1|0||65|00|001|4698|31220741132335000221650010000046981339462566|25072022|25072022|139,50|0|0,00||139,50|9|0,00|0,00|0,00|3,50|0,63||||0,90|4,19|0,00|0,00|
|C110|000001||
|C110|000002||
|C110|000003||
|C110|000004||
|C110|000005||
|C175|5102|3,50|0,00|01|3,50|0,6500|||0,02|01|3,50|3,0000|||0,11|||
|C175|5405|136,00|0,00|01|136,00|0,6500|||0,88|01|136,00|3,0000|||4,08|||
|C100|1|0||65|00|001|4699|31220741132335000221650010000046991359750831|25072022|25072022|500,33|0|0,00||500,33|9|0,00|0,00|0,00|0,00|0,00||||3,25|15,01|0,00|0,00|
|C110|000001||
|C110|000002||
|C110|000003||
|C110|000004||
|C110|000005||
|C175|5405|500,33|0,00|01|500,33|0,6500|||3,25|01|500,33|3,0000|||15,01|||
|C100|1|0||65|00|001|4700|31220741132335000221650010000047001380039095|25072022|25072022|64,90|0|0,00||64,90|9|0,00|0,00|0,00|0,00|0,00||||0,42|1,95|0,00|0,00|
|C110|000001||
|C110|000002||
|C110|000003||
|C110|000004||
|C110|000005||
|C175|5405|64,90|0,00|01|64,90|0,6500|||0,42|01|64,90|3,0000|||1,95|||
|C100|1|0||65|00|001|4701|31220741132335000221650010000047011400327357|25072022|25072022|219,70|0|0,00||219,70|9|0,00|0,00|0,00|0,00|0,00||||1,43|6,60|0,00|0,00|
|C110|000001||
|C110|000002||
|C110|000003||
|C110|000004||
|C110|000005||
|C175|5405|219,70|0,00|01|219,70|0,6500|||1,43|01|219,70|3,0000|||6,60|||
|C100|1|0||65|00|001|4702|31220741132335000221650010000047021420615614|25072022|25072022|22,75|0|0,00||22,75|9|0,00|0,00|0,00|0,00|0,00||||0,14|0,68|0,00|0,00|
|C110|000001||
|C110|000002||
|C110|000003||
|C110|000004||
|C110|000005||
|C175|5405|22,75|0,00|01|22,75|0,6500|||0,14|01|22,75|3,0000|||0,68|||
|C100|1|0||65|00|001|4703|31220741132335000221650010000047031440903876|25072022|25072022|115,26|0|0,00||115,26|9|0,00|0,00|0,00|0,00|0,00||||0,74|3,46|0,00|0,00|
|C110|000001||
|C110|000002||
|C110|000003||
|C110|000004||
|C110|000005||
|C175|5405|115,26|0,00|01|115,26|0,6500|||0,74|01|115,26|3,0000|||3,46|||
|C100|1|0|3166|55|00|1|1424|31220741132335000221550010000014241128042035|25072022|25072022|47,00|0|0,00||47,00|1|0,00|0,00|0,00|6,59|1,19|0,00|0,00|0,00|0,29|1,42|0,00|0,00|
|C110|000009||
|C110|000001||
|C110|000002||
|C110|000003||
|C110|000004||
|C110|000005||
|C170|1|4994||1,00000|UN|6,59|0,00|0|000|5102||6,59|18,00|1,19|0,00|0,00|0,00|0|||0,00|0,00|0,00|01|6,59|0,6500|||0,04|01|6,59|3,0000|||0,20||
|C170|2|2069||1,00000|MT|2,17|0,00|0|060|5405||0,00|0,00|0,00|0,00|0,00|0,00|0|||0,00|0,00|0,00|01|2,17|0,6500|||0,01|01|2,17|3,0000|||0,07||
|C170|3|152||1,00000|MT|2,17|0,00|0|060|5405||0,00|0,00|0,00|0,00|0,00|0,00|0|||0,00|0,00|0,00|01|2,17|0,6500|||0,01|01|2,17|3,0000|||0,07||
|C170|4|7168||1,00000|UN|7,48|0,00|0|060|5405||0,00|0,00|0,00|0,00|0,00|0,00|0|||0,00|0,00|0,00|01|7,48|0,6500|||0,05|01|7,48|3,0000|||0,22||
|C170|5|2068||1,00000|MT|2,17|0,00|0|060|5405||0,00|0,00|0,00|0,00|0,00|0,00|0|||0,00|0,00|0,00|01|2,17|0,6500|||0,01|01|2,17|3,0000|||0,07||
|C170|6|3432||1,00000|UN|26,42|0,00|0|060|5405||0,00|0,00|0,00|0,00|0,00|0,00|0|||0,00|0,00|0,00|01|26,42|0,6500|||0,17|01|26,42|3,0000|||0,79||
|C100|1|0|3981|55|00|1|1426|31220741132335000221550010000014261703551934|25072022|25072022|304,70|1|0,00||304,70|1|52,90|0,00|0,00|0,00|0,00|0,00|0,00|0,00|1,98|9,14|0,00|0,00|
|C110|000001||
|C110|000002||
|C110|000003||
|C110|000004||
|C110|000005||
|C170|1|5052||2,00000|UN|304,70|0,00|0|060|6403||0,00|0,00|0,00|0,00|0,00|0,00|0|||0,00|0,00|0,00|01|304,70|0,6500|||1,98|01|304,70|3,0000|||9,14||
|C100|1|0|3985|55|00|1|1427|31220741132335000221550010000014271804993247|25072022|25072022|205,90|1|0,00||205,90|1|0,00|0,00|0,00|0,00|0,00|0,00|0,00|0,00|1,34|6,18|0,00|0,00|
|C110|000001||
|C110|000002||
|C110|000003||
|C110|000004||
|C110|000005||
|C170|1|2189||1,00000|UN|205,90|0,00|0|060|6403||0,00|0,00|0,00|0,00|0,00|0,00|0|||0,00|0,00|0,00|01|205,90|0,6500|||1,34|01|205,90|3,0000|||6,18||
|C100|1|0||65|00|001|4704|31220741132335000221650010000047041461192135|25072022|25072022|75,07|0|0,00||75,07|9|0,00|0,00|0,00|50,40|9,08||||0,50|2,25|0,00|0,00|
|C110|000001||
|C110|000002||
|C110|000003||
|C110|000004||
|C110|000005||
|C175|5102|50,40|0,00|01|50,40|0,6500|||0,33|01|50,40|3,0000|||1,52|||
|C175|5405|24,67|0,00|01|24,67|0,6500|||0,17|01|24,67|3,0000|||0,73|||
|C100|1|0||65|00|001|4705|31220741132335000221650010000047051481480400|25072022|25072022|29,80|0|0,00||29,80|9|0,00|0,00|0,00|0,00|0,00||||0,19|0,89|0,00|0,00|
|C110|000001||
|C110|000002||
|C110|000003||
|C110|000004||
|C110|000005||
|C175|5405|29,80|0,00|01|29,80|0,6500|||0,19|01|29,80|3,0000|||0,89|||
|C100|1|0|3974|55|00|1|1429|31220741132335000221550010000014291622398887|25072022|25072022|230,00|0|0,00||230,00|1|0,00|0,00|0,00|60,32|10,86|0,00|0,00|0,00|1,52|6,90|0,00|0,00|
|C110|000001||
|C110|000002||
|C110|000003||
|C110|000004||
|C110|000005||
|C170|1|126||5,00000|UN|52,55|0,00|0|060|5405||0,00|0,00|0,00|0,00|0,00|0,00|0|||0,00|0,00|0,00|01|52,55|0,6500|||0,34|01|52,55|3,0000|||1,58||
|C170|2|3871||2,00000|UN|1,42|0,00|0|060|5405||0,00|0,00|0,00|0,00|0,00|0,00|0|||0,00|0,00|0,00|01|1,42|0,6500|||0,01|01|1,42|3,0000|||0,04||
|C170|3|3904||2,00000|UN|13,32|0,00|0|060|5405||0,00|0,00|0,00|0,00|0,00|0,00|0|||0,00|0,00|0,00|01|13,32|0,6500|||0,09|01|13,32|3,0000|||0,40||
|C170|4|744||2,00000|UN|3,62|0,00|0|060|5405||0,00|0,00|0,00|0,00|0,00|0,00|0|||0,00|0,00|0,00|01|3,62|0,6500|||0,02|01|3,62|3,0000|||0,11||
|C170|5|5013||15,00000|UN|20,85|0,00|0|060|5405||0,00|0,00|0,00|0,00|0,00|0,00|0|||0,00|0,00|0,00|01|20,85|0,6500|||0,14|01|20,85|3,0000|||0,63||
|C170|6|4994||7,00000|UN|42,56|0,00|0|000|5102||42,56|18,00|7,66|0,00|0,00|0,00|0|||0,00|0,00|0,00|01|42,56|0,6500|||0,28|01|42,56|3,0000|||1,28||
|C170|7|2873||3,00000|UN|36,69|0,00|0|060|5405||0,00|0,00|0,00|0,00|0,00|0,00|0|||0,00|0,00|0,00|01|36,69|0,6500|||0,24|01|36,69|3,0000|||1,10||
|C170|8|3875||2,00000|UN|10,04|0,00|0|060|5405||0,00|0,00|0,00|0,00|0,00|0,00|0|||0,00|0,00|0,00|01|10,04|0,6500|||0,07|01|10,04|3,0000|||0,30||
|C170|9|5006||2,00000|UN|6,24|0,00|0|060|5405||0,00|0,00|0,00|0,00|0,00|0,00|0|||0,00|0,00|0,00|01|6,24|0,6500|||0,04|01|6,24|3,0000|||0,19||
|C170|10|5005||2,00000|UN|5,48|0,00|0|060|5405||0,00|0,00|0,00|0,00|0,00|0,00|0|||0,00|0,00|0,00|01|5,48|0,6500|||0,04|01|5,48|3,0000|||0,16||
|C170|11|4996||12,00000|UN|17,76|0,00|0|000|5102||17,76|18,00|3,20|0,00|0,00|0,00|0|||0,00|0,00|0,00|01|17,76|0,6500|||0,12|01|17,76|3,0000|||0,53||
|C170|12|4186||3,00000|UN|19,47|0,00|0|060|5405||0,00|0,00|0,00|0,00|0,00|0,00|0|||0,00|0,00|0,00|01|19,47|0,6500|||0,13|01|19,47|3,0000|||0,58||
|C100|1|0||65|00|001|4706|31220741132335000221650010000047061501768665|25072022|25072022|162,14|0|0,00||162,14|9|0,00|0,00|0,00|0,00|0,00||||1,04|4,87|0,00|0,00|
|C110|000001||
|C110|000002||
|C110|000003||
|C110|000004||
|C110|000005||
|C175|5405|162,14|0,00|01|162,14|0,6500|||1,04|01|162,14|3,0000|||4,87|||
|C100|1|0||65|00|001|4707|31220741132335000221650010000047071522056920|25072022|25072022|25,80|0|0,00||25,80|9|0,00|0,00|0,00|0,00|0,00||||0,17|0,77|0,00|0,00|
|C110|000001||
|C110|000002||
|C110|000003||
|C110|000004||
|C110|000005||
|C175|5405|25,80|0,00|01|25,80|0,6500|||0,17|01|25,80|3,0000|||0,77|||
|C100|1|0||65|00|001|4708|31220741132335000221650010000047081542345186|25072022|25072022|229,40|0|0,00||229,40|9|0,00|0,00|0,00|42,60|7,67||||1,49|6,88|0,00|0,00|
|C110|000001||
|C110|000002||
|C110|000003||
|C110|000004||
|C110|000005||
|C175|5102|42,60|0,00|01|42,60|0,6500|||0,28|01|42,60|3,0000|||1,28|||
|C175|5405|186,80|0,00|01|186,80|0,6500|||1,21|01|186,80|3,0000|||5,60|||
|C100|1|0||65|00|001|4709|31220741132335000221650010000047091562633443|25072022|25072022|77,00|0|0,00||77,00|9|0,00|0,00|0,00|4,10|0,74||||0,50|2,30|0,00|0,00|
|C110|000001||
|C110|000002||
|C110|000003||
|C110|000004||
|C110|000005||
|C175|5102|4,10|0,00|01|4,10|0,6500|||0,03|01|4,10|3,0000|||0,12|||
|C175|5405|72,90|0,00|01|72,90|0,6500|||0,47|01|72,90|3,0000|||2,18|||
|C100|1|0||65|00|001|4710|31220741132335000221650010000047101582921704|25072022|25072022|84,11|0|0,00||84,11|9|0,00|0,00|0,00|0,00|0,00||||0,55|2,52|0,00|0,00|
|C110|000001||
|C110|000002||
|C110|000003||
|C110|000004||
|C110|000005||
|C175|5405|84,11|0,00|01|84,11|0,6500|||0,55|01|84,11|3,0000|||2,52|||
|C100|1|0||65|00|001|4711|31220741132335000221650010000047111603209967|25072022|25072022|20,95|0|0,00||20,95|9|0,00|0,00|0,00|20,95|3,77||||0,14|0,63|0,00|0,00|
|C110|000001||
|C110|000002||
|C110|000003||
|C110|000004||
|C110|000005||
|C175|5102|20,95|0,00|01|20,95|0,6500|||0,14|01|20,95|3,0000|||0,63|||
|C100|1|0||65|00|001|4712|31220741132335000221650010000047121623498236|25072022|25072022|114,55|0|0,00||114,55|9|0,00|0,00|0,00|0,00|0,00||||0,74|3,43|0,00|0,00|
|C110|000001||
|C110|000002||
|C110|000003||
|C110|000004||
|C110|000005||
|C175|5405|114,55|0,00|01|114,55|0,6500|||0,74|01|114,55|3,0000|||3,43|||
|C100|1|0||65|00|001|4713|31220741132335000221650010000047131643786498|25072022|25072022|131,70|0|0,00||131,70|9|0,00|0,00|0,00|0,00|0,00||||0,86|3,95|0,00|0,00|
|C110|000001||
|C110|000002||
|C110|000003||
|C110|000004||
|C110|000005||
|C175|5405|131,70|0,00|01|131,70|0,6500|||0,86|01|131,70|3,0000|||3,95|||
|C100|1|0||65|00|001|4714|31220741132335000221650010000047141664074753|25072022|25072022|1659,53|0|0,00||1659,53|9|0,00|0,00|0,00|1241,04|223,39||||10,78|49,79|0,00|0,00|
|C110|000001||
|C110|000002||
|C110|000003||
|C110|000004||
|C110|000005||
|C175|5102|1241,04|0,00|01|1241,04|0,6500|||8,07|01|1241,04|3,0000|||37,23|||
|C175|5405|418,49|0,00|01|418,49|0,6500|||2,71|01|418,49|3,0000|||12,56|||
|C100|1|0|3987|55|00|1|1430|31220741132335000221550010000014301906434544|25072022|25072022|1369,32|1|0,00||1369,32|1|0,00|0,00|0,00|0,00|0,00|0,00|0,00|0,00|8,91|41,07|0,00|0,00|
|C110|000001||
|C110|000002||
|C110|000003||
|C110|000004||
|C110|000005||
|C170|1|5680||1,00000|UN|5,04|0,00|0|060|5405||0,00|0,00|0,00|0,00|0,00|0,00|0|||0,00|0,00|0,00|01|5,04|0,6500|||0,03|01|5,04|3,0000|||0,15||
|C170|2|5677||13,00000|UN|32,76|0,00|0|060|5405||0,00|0,00|0,00|0,00|0,00|0,00|0|||0,00|0,00|0,00|01|32,76|0,6500|||0,21|01|32,76|3,0000|||0,98||
|C170|3|5674||2,00000|UN|5,04|0,00|0|060|5405||0,00|0,00|0,00|0,00|0,00|0,00|0|||0,00|0,00|0,00|01|5,04|0,6500|||0,03|01|5,04|3,0000|||0,15||
|C170|4|5679||1,00000|UN|4,92|0,00|0|060|5405||0,00|0,00|0,00|0,00|0,00|0,00|0|||0,00|0,00|0,00|01|4,92|0,6500|||0,03|01|4,92|3,0000|||0,15||
|C170|5|5676||1,00000|UN|2,52|0,00|0|060|5405||0,00|0,00|0,00|0,00|0,00|0,00|0|||0,00|0,00|0,00|01|2,52|0,6500|||0,02|01|2,52|3,0000|||0,08||
|C170|6|5682||1,00000|UN|5,04|0,00|0|060|5405||0,00|0,00|0,00|0,00|0,00|0,00|0|||0,00|0,00|0,00|01|5,04|0,6500|||0,03|01|5,04|3,0000|||0,15||
|C170|7|5675||12,00000|UN|30,24|0,00|0|060|5405||0,00|0,00|0,00|0,00|0,00|0,00|0|||0,00|0,00|0,00|01|30,24|0,6500|||0,20|01|30,24|3,0000|||0,91||
|C170|8|5679||23,00000|UN|113,16|0,00|0|060|5405||0,00|0,00|0,00|0,00|0,00|0,00|0|||0,00|0,00|0,00|01|113,16|0,6500|||0,74|01|113,16|3,0000|||3,39||
|C170|9|5665||3,00000|UN|11,76|0,00|0|060|5405||0,00|0,00|0,00|0,00|0,00|0,00|0|||0,00|0,00|0,00|01|11,76|0,6500|||0,08|01|11,76|3,0000|||0,35||
|C170|10|5665||3,00000|UN|11,76|0,00|0|060|5405||0,00|0,00|0,00|0,00|0,00|0,00|0|||0,00|0,00|0,00|01|11,76|0,6500|||0,08|01|11,76|3,0000|||0,35||
|C170|11|5662||14,00000|UN|84,56|0,00|0|060|5405||0,00|0,00|0,00|0,00|0,00|0,00|0|||0,00|0,00|0,00|01|84,56|0,6500|||0,55|01|84,56|3,0000|||2,54||
|C170|12|5671||2,00000|UN|19,84|0,00|0|060|5405||0,00|0,00|0,00|0,00|0,00|0,00|0|||0,00|0,00|0,00|01|19,84|0,6500|||0,13|01|19,84|3,0000|||0,60||
|C170|13|5663||2,00000|UN|8,32|0,00|0|060|5405||0,00|0,00|0,00|0,00|0,00|0,00|0|||0,00|0,00|0,00|01|8,32|0,6500|||0,05|01|8,32|3,0000|||0,25||
|C170|14|5665||3,00000|UN|11,76|0,00|0|060|5405||0,00|0,00|0,00|0,00|0,00|0,00|0|||0,00|0,00|0,00|01|11,76|0,6500|||0,08|01|11,76|3,0000|||0,35||
|C170|15|5665||24,00000|UN|94,08|0,00|0|060|5405||0,00|0,00|0,00|0,00|0,00|0,00|0|||0,00|0,00|0,00|01|94,08|0,6500|||0,61|01|94,08|3,0000|||2,82||
|C170|16|5663||3,00000|UN|12,48|0,00|0|060|5405||0,00|0,00|0,00|0,00|0,00|0,00|0|||0,00|0,00|0,00|01|12,48|0,6500|||0,08|01|12,48|3,0000|||0,37||
|C170|17|5663||1,00000|UN|4,16|0,00|0|060|5405||0,00|0,00|0,00|0,00|0,00|0,00|0|||0,00|0,00|0,00|01|4,16|0,6500|||0,03|01|4,16|3,0000|||0,12||
|C170|18|5671||46,00000|UN|456,32|0,00|0|060|5405||0,00|0,00|0,00|0,00|0,00|0,00|0|||0,00|0,00|0,00|01|456,32|0,6500|||2,97|01|456,32|3,0000|||13,69||
|C170|19|5661||70,00000|UN|448,00|0,00|0|060|5405||0,00|0,00|0,00|0,00|0,00|0,00|0|||0,00|0,00|0,00|01|448,00|0,6500|||2,91|01|448,00|3,0000|||13,44||
|C170|20|5675||3,00000|UN|7,56|0,00|0|060|5405||0,00|0,00|0,00|0,00|0,00|0,00|0|||0,00|0,00|0,00|01|7,56|0,6500|||0,05|01|7,56|3,0000|||0,23||
|C100|1|0||65|00|001|4715|31220741132335000221650010000047151684363014|26072022|26072022|236,00|0|0,00||236,00|9|0,00|0,00|0,00|0,00|0,00||||1,54|7,08|0,00|0,00|
|C110|000001||
|C110|000002||
|C110|000003||
|C110|000004||
|C110|000005||
|C175|5405|236,00|0,00|01|236,00|0,6500|||1,54|01|236,00|3,0000|||7,08|||
|C100|1|0||65|00|001|4716|31220741132335000221650010000047161704651270|26072022|26072022|42,57|0|0,00||42,57|9|0,00|0,00|0,00|0,00|0,00||||0,28|1,28|0,00|0,00|
|C110|000001||
|C110|000002||
|C110|000003||
|C110|000004||
|C110|000005||
|C175|5405|42,57|0,00|01|42,57|0,6500|||0,28|01|42,57|3,0000|||1,28|||
|C100|1|0||65|00|001|4717|31220741132335000221650010000047171724939536|26072022|26072022|503,01|0|0,00||503,01|9|0,00|0,00|0,00|0,00|0,00||||3,27|15,09|0,00|0,00|
|C110|000001||
|C110|000002||
|C110|000003||
|C110|000004||
|C110|000005||
|C175|5405|503,01|0,00|01|503,01|0,6500|||3,27|01|503,01|3,0000|||15,09|||
|C100|1|0|3986|55|00|1|1431|31220741132335000221550010000014311906434541|26072022|26072022|1006,80|1|0,00||1006,80|1|0,00|0,00|0,00|8,24|1,48|0,00|0,00|0,00|6,54|30,21|0,00|0,00|
|C110|000035||
|C110|000001||
|C110|000002||
|C110|000003||
|C110|000004||
|C110|000005||
|C170|1|2214||6,00000|UN|70,56|0,00|0|060|5405||0,00|0,00|0,00|0,00|0,00|0,00|0|||0,00|0,00|0,00|01|70,56|0,6500|||0,46|01|70,56|3,0000|||2,12||
|C170|2|2004||2,00000|UN|8,24|0,00|0|000|5102||8,24|18,00|1,48|0,00|0,00|0,00|0|||0,00|0,00|0,00|01|8,24|0,6500|||0,05|01|8,24|3,0000|||0,25||
|C170|3|1708||80,00000|MT|928,00|0,00|0|060|5405||0,00|0,00|0,00|0,00|0,00|0,00|0|||0,00|0,00|0,00|01|928,00|0,6500|||6,03|01|928,00|3,0000|||27,84||
|C100|1|0||65|00|001|4718|31220741132335000221650010000047181745227800|26072022|26072022|691,42|1|0,00||691,42|9|0,00|0,00|0,00|0,00|0,00||||4,49|20,75|0,00|0,00|
|C110|000001||
|C110|000002||
|C110|000003||
|C110|000004||
|C110|000005||
|C175|5405|691,42|0,00|01|691,42|0,6500|||4,49|01|691,42|3,0000|||20,75|||
|C100|1|0||65|00|001|4719|31220741132335000221650010000047191765516065|26072022|26072022|400,58|0|0,00||400,58|9|0,00|0,00|0,00|0,00|0,00||||2,60|12,02|0,00|0,00|
|C110|000001||
|C110|000002||
|C110|000003||
|C110|000004||
|C110|000005||
|C175|5405|400,58|0,00|01|400,58|0,6500|||2,60|01|400,58|3,0000|||12,02|||
|C100|1|0||65|00|001|4720|31220741132335000221650010000047201785804326|26072022|26072022|180,08|0|0,00||180,08|9|0,00|0,00|0,00|2,62|0,47||||1,18|5,41|0,00|0,00|
|C110|000001||
|C110|000002||
|C110|000003||
|C110|000004||
|C110|000005||
|C175|5102|2,62|0,00|01|2,62|0,6500|||0,02|01|2,62|3,0000|||0,08|||
|C175|5405|177,46|0,00|01|177,46|0,6500|||1,16|01|177,46|3,0000|||5,33|||
|C100|1|0||65|00|001|4721|31220741132335000221650010000047211806092580|26072022|26072022|180,04|0|0,00||180,04|9|0,00|0,00|0,00|0,00|0,00||||1,20|5,39|0,00|0,00|
|C110|000001||
|C110|000002||
|C110|000003||
|C110|000004||
|C110|000005||
|C175|5405|180,04|0,00|01|180,04|0,6500|||1,20|01|180,04|3,0000|||5,39|||
|C100|1|0||65|00|001|4722|31220741132335000221650010000047221826380848|26072022|26072022|58,90|0|0,00||58,90|9|0,00|0,00|0,00|0,00|0,00||||0,38|1,77|0,00|0,00|
|C110|000001||
|C110|000002||
|C110|000003||
|C110|000004||
|C110|000005||
|C175|5405|58,90|0,00|01|58,90|0,6500|||0,38|01|58,90|3,0000|||1,77|||
|C100|1|0||65|00|001|4723|31220741132335000221650010000047231846669107|26072022|26072022|1511,56|1|0,00||1511,56|9|0,00|0,00|0,00|0,00|0,00||||9,85|45,31|0,00|0,00|
|C110|000001||
|C110|000002||
|C110|000003||
|C110|000004||
|C110|000005||
|C175|5405|1511,56|0,00|01|1511,56|0,6500|||9,85|01|1511,56|3,0000|||45,31|||
|C100|1|0||65|00|001|4724|31220741132335000221650010000047241866957377|26072022|26072022|199,80|0|0,00||199,80|9|0,00|0,00|0,00|0,00|0,00||||1,30|5,99|0,00|0,00|
|C110|000001||
|C110|000002||
|C110|000003||
|C110|000004||
|C110|000005||
|C175|5405|199,80|0,00|01|199,80|0,6500|||1,30|01|199,80|3,0000|||5,99|||
|C100|1|0|3747|55|00|1|1434|31220741132335000221550010000014341118404763|26072022|26072022|2797,09|1|0,85||2797,09|1|0,00|0,00|0,00|0,00|0,00|0,00|0,00|0,00|18,18|83,92|0,00|0,00|
|C110|000036||
|C110|000001||
|C110|000002||
|C110|000003||
|C110|000004||
|C110|000005||
|C170|1|1290||350,00000|MT|2722,17|0,83|0|060|5405||0,00|0,00|0,00|0,00|0,00|0,00|0|||0,00|0,00|0,00|01|2722,17|0,6500|||17,69|01|2722,17|3,0000|||81,67||
|C170|2|2214||6,00000|UN|74,92|0,02|0|060|5405||0,00|0,00|0,00|0,00|0,00|0,00|0|||0,00|0,00|0,00|01|74,92|0,6500|||0,49|01|74,92|3,0000|||2,25||
|C100|1|0|3904|55|00|1|1436|31220741132335000221550010000014361344238393|26072022|26072022|22,55|0|0,00||22,55|1|0,00|0,00|0,00|22,55|4,06|0,00|0,00|0,00|0,15|0,68|0,00|0,00|
|C110|000037||
|C110|000001||
|C170|1|357||1,00000|UN|22,55|0,00|0|000|5102||22,55|18,00|4,06|0,00|0,00|0,00|0|||0,00|0,00|0,00|01|22,55|0,6500|||0,15|01|22,55|3,0000|||0,68||
|C100|1|0||65|00|001|4725|31220741132335000221650010000047251887245632|26072022|26072022|117,09|0|0,00||117,09|9|0,00|0,00|0,00|0,00|0,00||||0,77|3,50|0,00|0,00|
|C110|000001||
|C110|000002||
|C110|000003||
|C110|000004||
|C110|000005||
|C175|5405|117,09|0,00|01|117,09|0,6500|||0,77|01|117,09|3,0000|||3,50|||
|C100|1|0||65|00|001|4726|31220741132335000221650010000047261907533899|26072022|26072022|175,10|0|0,00||175,10|9|0,00|0,00|0,00|123,35|22,20||||1,14|5,25|0,00|0,00|
|C110|000001||
|C110|000002||
|C110|000003||
|C110|000004||
|C110|000005||
|C175|5102|123,35|0,00|01|123,35|0,6500|||0,80|01|123,35|3,0000|||3,70|||
|C175|5405|51,75|0,00|01|51,75|0,6500|||0,34|01|51,75|3,0000|||1,55|||
|C100|1|0||65|00|001|4727|31220741132335000221650010000047271927822150|27072022|27072022|53,15|0|0,00||53,15|9|0,00|0,00|0,00|0,00|0,00||||0,35|1,59|0,00|0,00|
|C110|000001||
|C110|000002||
|C110|000003||
|C110|000004||
|C110|000005||
|C175|5405|53,15|0,00|01|53,15|0,6500|||0,35|01|53,15|3,0000|||1,59|||
|C100|1|0||65|00|001|4728|31220741132335000221650010000047281948110415|27072022|27072022|32,20|0|0,00||32,20|9|0,00|0,00|0,00|0,00|0,00||||0,21|0,97|0,00|0,00|
|C110|000001||
|C110|000002||
|C110|000003||
|C110|000004||
|C110|000005||
|C175|5405|32,20|0,00|01|32,20|0,6500|||0,21|01|32,20|3,0000|||0,97|||
|C100|1|0||65|00|001|4729|31220741132335000221650010000047291968398675|27072022|27072022|1611,39|1|0,00||1611,39|9|0,00|0,00|0,00|1563,11|281,36||||10,47|48,34|0,00|0,00|
|C110|000001||
|C110|000002||
|C110|000003||
|C110|000004||
|C110|000005||
|C175|5102|1563,11|0,00|01|1563,11|0,6500|||10,16|01|1563,11|3,0000|||46,89|||
|C175|5405|48,28|0,00|01|48,28|0,6500|||0,31|01|48,28|3,0000|||1,45|||
|C100|1|0|3990|55|00|1|1437|31220741132335000221550010000014371109317170|27072022|27072022|284,70|1|0,00||284,70|1|0,00|0,00|0,00|0,00|0,00|0,00|0,00|0,00|1,84|8,54|0,00|0,00|
|C110|000001||
|C110|000002||
|C110|000003||
|C110|000004||
|C110|000005||
|C170|1|3433||3,00000|UN|38,70|0,00|0|060|5405||0,00|0,00|0,00|0,00|0,00|0,00|0|||0,00|0,00|0,00|01|38,70|0,6500|||0,25|01|38,70|3,0000|||1,16||
|C170|2|3903||1,00000|UN|5,15|0,00|0|060|5405||0,00|0,00|0,00|0,00|0,00|0,00|0|||0,00|0,00|0,00|01|5,15|0,6500|||0,03|01|5,15|3,0000|||0,15||
|C170|3|5100||1,00000|UN|7,65|0,00|0|060|5405||0,00|0,00|0,00|0,00|0,00|0,00|0|||0,00|0,00|0,00|01|7,65|0,6500|||0,05|01|7,65|3,0000|||0,23||
|C170|4|915||3,00000|UN|14,25|0,00|0|060|5405||0,00|0,00|0,00|0,00|0,00|0,00|0|||0,00|0,00|0,00|01|14,25|0,6500|||0,09|01|14,25|3,0000|||0,43||
|C170|5|4334||2,00000|UN|97,20|0,00|0|060|5405||0,00|0,00|0,00|0,00|0,00|0,00|0|||0,00|0,00|0,00|01|97,20|0,6500|||0,63|01|97,20|3,0000|||2,92||
|C170|6|6290||1,00000|UN|27,95|0,00|0|060|5405||0,00|0,00|0,00|0,00|0,00|0,00|0|||0,00|0,00|0,00|01|27,95|0,6500|||0,18|01|27,95|3,0000|||0,84||
|C170|7|3875||4,00000|UN|23,80|0,00|0|060|5405||0,00|0,00|0,00|0,00|0,00|0,00|0|||0,00|0,00|0,00|01|23,80|0,6500|||0,15|01|23,80|3,0000|||0,71||
|C170|8|2204||1,00000|UN|7,20|0,00|0|060|5405||0,00|0,00|0,00|0,00|0,00|0,00|0|||0,00|0,00|0,00|01|7,20|0,6500|||0,05|01|7,20|3,0000|||0,22||
|C170|9|4398||1,00000|UN|62,80|0,00|0|060|5405||0,00|0,00|0,00|0,00|0,00|0,00|0|||0,00|0,00|0,00|01|62,80|0,6500|||0,41|01|62,80|3,0000|||1,88||
|C100|1|0||65|00|001|4730|31220741132335000221650010000047301988686944|27072022|27072022|222,60|0|0,00||222,60|9|0,00|0,00|0,00|0,00|0,00||||1,46|6,69|0,00|0,00|
|C110|000001||
|C110|000002||
|C110|000003||
|C110|000004||
|C110|000005||
|C175|5405|222,60|0,00|01|222,60|0,6500|||1,46|01|222,60|3,0000|||6,69|||
|C100|1|0||65|00|001|4731|31220741132335000221650010000047311008975210|27072022|27072022|8,40|0|0,00||8,40|9|0,00|0,00|0,00|0,00|0,00||||0,05|0,25|0,00|0,00|
|C110|000001||
|C110|000002||
|C110|000003||
|C110|000004||
|C110|000005||
|C175|5405|8,40|0,00|01|8,40|0,6500|||0,05|01|8,40|3,0000|||0,25|||
|C100|1|0||65|00|001|4732|31220741132335000221650010000047321029263470|27072022|27072022|53,54|0|0,00||53,54|9|0,00|0,00|0,00|0,00|0,00||||0,36|1,61|0,00|0,00|
|C110|000001||
|C110|000002||
|C110|000003||
|C110|000004||
|C110|000005||
|C175|5405|53,54|0,00|01|53,54|0,6500|||0,36|01|53,54|3,0000|||1,61|||
|C100|1|0||65|00|001|4733|31220741132335000221650010000047331049551737|27072022|27072022|43,80|0|0,00||43,80|9|0,00|0,00|0,00|0,00|0,00||||0,28|1,31|0,00|0,00|
|C110|000001||
|C110|000002||
|C110|000003||
|C110|000004||
|C110|000005||
|C175|5405|43,80|0,00|01|43,80|0,6500|||0,28|01|43,80|3,0000|||1,31|||
|C100|1|0||65|00|001|4734|31220741132335000221650010000047341069839997|27072022|27072022|299,59|1|0,00||299,59|9|0,00|0,00|0,00|0,00|0,00||||1,97|8,99|0,00|0,00|
|C110|000001||
|C110|000002||
|C110|000003||
|C110|000004||
|C110|000005||
|C175|5405|299,59|0,00|01|299,59|0,6500|||1,97|01|299,59|3,0000|||8,99|||
|C100|1|0||65|00|001|4735|31220741132335000221650010000047351090128252|29072022|29072022|1554,00|0|0,00||1554,00|9|0,00|0,00|0,00|0,00|0,00||||10,09|46,63|0,00|0,00|
|C110|000001||
|C110|000002||
|C110|000003||
|C110|000004||
|C110|000005||
|C175|5405|1554,00|0,00|01|1554,00|0,6500|||10,09|01|1554,00|3,0000|||46,63|||
|C100|1|0||65|00|001|4736|31220741132335000221650010000047361110416522|28072022|28072022|203,85|0|0,00||203,85|9|0,00|0,00|0,00|0,00|0,00||||1,32|6,12|0,00|0,00|
|C110|000001||
|C110|000002||
|C110|000003||
|C110|000004||
|C110|000005||
|C175|5405|203,85|0,00|01|203,85|0,6500|||1,32|01|203,85|3,0000|||6,12|||
|C100|1|0||65|00|001|4737|31220741132335000221650010000047371130704784|28072022|28072022|14,95|0|0,00||14,95|9|0,00|0,00|0,00|0,00|0,00||||0,10|0,45|0,00|0,00|
|C110|000001||
|C110|000002||
|C110|000003||
|C110|000004||
|C110|000005||
|C175|5405|14,95|0,00|01|14,95|0,6500|||0,10|01|14,95|3,0000|||0,45|||
|C100|1|0||65|00|001|4738|31220741132335000221650010000047381150993045|28072022|28072022|495,35|1|0,00||495,35|9|0,00|0,00|0,00|0,00|0,00||||3,23|14,85|0,00|0,00|
|C110|000001||
|C110|000002||
|C110|000003||
|C110|000004||
|C110|000005||
|C175|5405|495,35|0,00|01|495,35|0,6500|||3,23|01|495,35|3,0000|||14,85|||
|C100|1|0||65|00|001|4739|31220741132335000221650010000047391171281300|28072022|28072022|29,80|0|0,00||29,80|9|0,00|0,00|0,00|0,00|0,00||||0,19|0,89|0,00|0,00|
|C110|000001||
|C110|000002||
|C110|000003||
|C110|000004||
|C110|000005||
|C175|5405|29,80|0,00|01|29,80|0,6500|||0,19|01|29,80|3,0000|||0,89|||
|C100|1|0||65|00|001|4740|31220741132335000221650010000047401191569564|28072022|28072022|40,10|0|0,00||40,10|9|0,00|0,00|0,00|0,00|0,00||||0,26|1,20|0,00|0,00|
|C110|000001||
|C110|000002||
|C110|000003||
|C110|000004||
|C110|000005||
|C175|5405|40,10|0,00|01|40,10|0,6500|||0,26|01|40,10|3,0000|||1,20|||
|C100|1|0|3989|55|00|1|1438|31220741132335000221550010000014381109317178|28072022|28072022|1199,00|1|0,00||1199,00|1|0,00|0,00|0,00|631,80|113,73|0,00|0,00|0,00|7,79|36,00|0,00|0,00|
|C110|000038||
|C110|000007||
|C110|000012||
|C110|000001||
|C110|000002||
|C110|000003||
|C110|000004||
|C110|000005||
|C170|1|128||6,00000|UN|123,24|0,00|0|060|5405||0,00|0,00|0,00|0,00|0,00|0,00|0|||0,00|0,00|0,00|01|123,24|0,6500|||0,80|01|123,24|3,0000|||3,70||
|C170|2|2877||1,00000|UN|51,06|0,00|0|060|5405||0,00|0,00|0,00|0,00|0,00|0,00|0|||0,00|0,00|0,00|01|51,06|0,6500|||0,33|01|51,06|3,0000|||1,53||
|C170|3|87||1,00000|UN|2,50|0,00|0|060|5405||0,00|0,00|0,00|0,00|0,00|0,00|0|||0,00|0,00|0,00|01|2,50|0,6500|||0,02|01|2,50|3,0000|||0,08||
|C170|4|555||2,00000|UN|15,50|0,00|0|060|5405||0,00|0,00|0,00|0,00|0,00|0,00|0|||0,00|0,00|0,00|01|15,50|0,6500|||0,10|01|15,50|3,0000|||0,47||
|C170|5|2877||2,00000|UN|102,12|0,00|0|060|5405||0,00|0,00|0,00|0,00|0,00|0,00|0|||0,00|0,00|0,00|01|102,12|0,6500|||0,66|01|102,12|3,0000|||3,06||
|C170|6|4127||1,00000|UN|220,58|0,00|0|000|5102||220,58|18,00|39,70|0,00|0,00|0,00|0|||0,00|0,00|0,00|01|220,58|0,6500|||1,43|01|220,58|3,0000|||6,62||
|C170|7|9||1,00000|UN|5,25|0,00|0|000|5102||5,25|18,00|0,95|0,00|0,00|0,00|0|||0,00|0,00|0,00|01|5,25|0,6500|||0,03|01|5,25|3,0000|||0,16||
|C170|8|5211||1,00000|UN|51,14|0,00|0|060|5405||0,00|0,00|0,00|0,00|0,00|0,00|0|||0,00|0,00|0,00|01|51,14|0,6500|||0,33|01|51,14|3,0000|||1,53||
|C170|9|138||1,00000|UN|6,25|0,00|0|060|5405||0,00|0,00|0,00|0,00|0,00|0,00|0|||0,00|0,00|0,00|01|6,25|0,6500|||0,04|01|6,25|3,0000|||0,19||
|C170|10|98||2,00000|UN|3,70|0,00|0|060|5405||0,00|0,00|0,00|0,00|0,00|0,00|0|||0,00|0,00|0,00|01|3,70|0,6500|||0,02|01|3,70|3,0000|||0,11||
|C170|11|777||1,00000|UN|16,75|0,00|0|000|5102||16,75|18,00|3,02|0,00|0,00|0,00|0|||0,00|0,00|0,00|01|16,75|0,6500|||0,11|01|16,75|3,0000|||0,50||
|C170|12|127||6,00000|UN|87,90|0,00|0|060|5405||0,00|0,00|0,00|0,00|0,00|0,00|0|||0,00|0,00|0,00|01|87,90|0,6500|||0,57|01|87,90|3,0000|||2,64||
|C170|13|80||8,00000|UN|7,76|0,00|0|060|5405||0,00|0,00|0,00|0,00|0,00|0,00|0|||0,00|0,00|0,00|01|7,76|0,6500|||0,05|01|7,76|3,0000|||0,23||
|C170|14|85||1,00000|UN|1,17|0,00|0|060|5405||0,00|0,00|0,00|0,00|0,00|0,00|0|||0,00|0,00|0,00|01|1,17|0,6500|||0,01|01|1,17|3,0000|||0,04||
|C170|15|777||2,00000|UN|33,50|0,00|0|000|5102||33,50|18,00|6,03|0,00|0,00|0,00|0|||0,00|0,00|0,00|01|33,50|0,6500|||0,22|01|33,50|3,0000|||1,01||
|C170|16|356||1,00000|UN|4,56|0,00|0|000|5102||4,56|18,00|0,82|0,00|0,00|0,00|0|||0,00|0,00|0,00|01|4,56|0,6500|||0,03|01|4,56|3,0000|||0,14||
|C170|17|561||1,00000|UN|2,70|0,00|0|060|5405||0,00|0,00|0,00|0,00|0,00|0,00|0|||0,00|0,00|0,00|01|2,70|0,6500|||0,02|01|2,70|3,0000|||0,08||
|C170|18|3619||2,00000|UN|85,64|0,00|0|060|5405||0,00|0,00|0,00|0,00|0,00|0,00|0|||0,00|0,00|0,00|01|85,64|0,6500|||0,56|01|85,64|3,0000|||2,57||
|C170|19|109||2,00000|UN|133,20|0,00|0|000|5102||133,20|18,00|23,98|0,00|0,00|0,00|0|||0,00|0,00|0,00|01|133,20|0,6500|||0,87|01|133,20|3,0000|||4,00||
|C170|20|5165||2,00000|UN|217,96|0,00|0|000|5102||217,96|18,00|39,23|0,00|0,00|0,00|0|||0,00|0,00|0,00|01|217,96|0,6500|||1,42|01|217,96|3,0000|||6,54||
|C170|21|199||2,00000|UN|3,96|0,00|0|060|5405||0,00|0,00|0,00|0,00|0,00|0,00|0|||0,00|0,00|0,00|01|3,96|0,6500|||0,03|01|3,96|3,0000|||0,12||
|C170|22|141||1,00000|UN|17,36|0,00|0|060|5405||0,00|0,00|0,00|0,00|0,00|0,00|0|||0,00|0,00|0,00|01|17,36|0,6500|||0,11|01|17,36|3,0000|||0,52||
|C170|23|79||8,00000|UN|5,20|0,00|0|060|5405||0,00|0,00|0,00|0,00|0,00|0,00|0|||0,00|0,00|0,00|01|5,20|0,6500|||0,03|01|5,20|3,0000|||0,16||
|C100|1|0|3596|55|00|1|1439|31220741132335000221550010000014391156318549|28072022|28072022|5595,06|1|0,00||5595,06|1|0,00|0,00|0,00|112,09|20,18|0,00|0,00|0,00|36,37|167,84|0,00|0,00|
|C110|000001||
|C110|000002||
|C110|000003||
|C110|000004||
|C110|000005||
|C170|1|3263||4,00000|UN|50,88|0,00|0|060|5405||0,00|0,00|0,00|0,00|0,00|0,00|0|||0,00|0,00|0,00|01|50,88|0,6500|||0,33|01|50,88|3,0000|||1,53||
|C170|2|3141||5,00000|UN|17,95|0,00|0|060|5405||0,00|0,00|0,00|0,00|0,00|0,00|0|||0,00|0,00|0,00|01|17,95|0,6500|||0,12|01|17,95|3,0000|||0,54||
|C170|3|4011||4,00000|UN|67,60|0,00|0|060|5405||0,00|0,00|0,00|0,00|0,00|0,00|0|||0,00|0,00|0,00|01|67,60|0,6500|||0,44|01|67,60|3,0000|||2,03||
|C170|4|2086||6,00000|MT|75,66|0,00|0|060|5405||0,00|0,00|0,00|0,00|0,00|0,00|0|||0,00|0,00|0,00|01|75,66|0,6500|||0,49|01|75,66|3,0000|||2,27||
|C170|5|7749||11,00000|UN|672,43|0,00|0|060|5405||0,00|0,00|0,00|0,00|0,00|0,00|0|||0,00|0,00|0,00|01|672,43|0,6500|||4,37|01|672,43|3,0000|||20,17||
|C170|6|4755||2,00000|UN|30,20|0,00|0|000|5102||30,20|18,00|5,44|0,00|0,00|0,00|0|||0,00|0,00|0,00|01|30,20|0,6500|||0,20|01|30,20|3,0000|||0,91||
|C170|7|3136||10,00000|UN|28,60|0,00|0|060|5405||0,00|0,00|0,00|0,00|0,00|0,00|0|||0,00|0,00|0,00|01|28,60|0,6500|||0,19|01|28,60|3,0000|||0,86||
|C170|8|1539||1,00000|UN|31,52|0,00|0|060|5405||0,00|0,00|0,00|0,00|0,00|0,00|0|||0,00|0,00|0,00|01|31,52|0,6500|||0,20|01|31,52|3,0000|||0,95||
|C170|9|460||20,00000|UN|13,80|0,00|0|060|5405||0,00|0,00|0,00|0,00|0,00|0,00|0|||0,00|0,00|0,00|01|13,80|0,6500|||0,09|01|13,80|3,0000|||0,41||
|C170|10|7038||3,00000|UN|42,09|0,00|0|060|5405||0,00|0,00|0,00|0,00|0,00|0,00|0|||0,00|0,00|0,00|01|42,09|0,6500|||0,27|01|42,09|3,0000|||1,26||
|C170|11|2290||4,00000|UN|84,84|0,00|0|060|5405||0,00|0,00|0,00|0,00|0,00|0,00|0|||0,00|0,00|0,00|01|84,84|0,6500|||0,55|01|84,84|3,0000|||2,55||
|C170|12|1421||4,00000|UN|18,60|0,00|0|060|5405||0,00|0,00|0,00|0,00|0,00|0,00|0|||0,00|0,00|0,00|01|18,60|0,6500|||0,12|01|18,60|3,0000|||0,56||
|C170|13|3839||2,00000|UN|29,94|0,00|0|060|5405||0,00|0,00|0,00|0,00|0,00|0,00|0|||0,00|0,00|0,00|01|29,94|0,6500|||0,19|01|29,94|3,0000|||0,90||
|C170|14|1687||2,00000|UN|7,74|0,00|0|060|5405||0,00|0,00|0,00|0,00|0,00|0,00|0|||0,00|0,00|0,00|01|7,74|0,6500|||0,05|01|7,74|3,0000|||0,23||
|C170|15|7514||2,00000|UN|16,38|0,00|0|060|5405||0,00|0,00|0,00|0,00|0,00|0,00|0|||0,00|0,00|0,00|01|16,38|0,6500|||0,11|01|16,38|3,0000|||0,49||
|C170|16|5892||4,00000|UN|692,00|0,00|0|060|5405||0,00|0,00|0,00|0,00|0,00|0,00|0|||0,00|0,00|0,00|01|692,00|0,6500|||4,50|01|692,00|3,0000|||20,76||
|C170|17|3619||1,00000|UN|43,27|0,00|0|060|5405||0,00|0,00|0,00|0,00|0,00|0,00|0|||0,00|0,00|0,00|01|43,27|0,6500|||0,28|01|43,27|3,0000|||1,30||
|C170|18|2085||5,00000|MT|63,05|0,00|0|060|5405||0,00|0,00|0,00|0,00|0,00|0,00|0|||0,00|0,00|0,00|01|63,05|0,6500|||0,41|01|63,05|3,0000|||1,89||
|C170|19|2081||36,00000|MT|169,56|0,00|0|060|5405||0,00|0,00|0,00|0,00|0,00|0,00|0|||0,00|0,00|0,00|01|169,56|0,6500|||1,10|01|169,56|3,0000|||5,09||
|C170|20|1967||1,00000|UN|2,49|0,00|0|060|5405||0,00|0,00|0,00|0,00|0,00|0,00|0|||0,00|0,00|0,00|01|2,49|0,6500|||0,02|01|2,49|3,0000|||0,07||
|C170|21|3151||1,00000|UN|18,03|0,00|0|060|5405||0,00|0,00|0,00|0,00|0,00|0,00|0|||0,00|0,00|0,00|01|18,03|0,6500|||0,12|01|18,03|3,0000|||0,54||
|C170|22|4914||14,00000|MT|174,30|0,00|0|060|5405||0,00|0,00|0,00|0,00|0,00|0,00|0|||0,00|0,00|0,00|01|174,30|0,6500|||1,13|01|174,30|3,0000|||5,23||
|C170|23|3052||2,00000|UN|6,44|0,00|0|060|5405||0,00|0,00|0,00|0,00|0,00|0,00|0|||0,00|0,00|0,00|01|6,44|0,6500|||0,04|01|6,44|3,0000|||0,19||
|C170|24|261||1,00000|UN|27,60|0,00|0|060|5405||0,00|0,00|0,00|0,00|0,00|0,00|0|||0,00|0,00|0,00|01|27,60|0,6500|||0,18|01|27,60|3,0000|||0,83||
|C170|25|2071||30,00000|MT|61,80|0,00|0|060|5405||0,00|0,00|0,00|0,00|0,00|0,00|0|||0,00|0,00|0,00|01|61,80|0,6500|||0,40|01|61,80|3,0000|||1,85||
|C170|26|3141||1,00000|UN|3,59|0,00|0|060|5405||0,00|0,00|0,00|0,00|0,00|0,00|0|||0,00|0,00|0,00|01|3,59|0,6500|||0,02|01|3,59|3,0000|||0,11||
|C170|27|3232||12,00000|UN|152,16|0,00|0|060|5405||0,00|0,00|0,00|0,00|0,00|0,00|0|||0,00|0,00|0,00|01|152,16|0,6500|||0,99|01|152,16|3,0000|||4,56||
|C170|28|7061||4,00000|UN|67,60|0,00|0|060|5405||0,00|0,00|0,00|0,00|0,00|0,00|0|||0,00|0,00|0,00|01|67,60|0,6500|||0,44|01|67,60|3,0000|||2,03||
|C170|29|261||1,00000|UN|22,51|0,00|0|060|5405||0,00|0,00|0,00|0,00|0,00|0,00|0|||0,00|0,00|0,00|01|22,51|0,6500|||0,15|01|22,51|3,0000|||0,68||
|C170|30|7725||5,00000|UN|285,95|0,00|0|060|5405||0,00|0,00|0,00|0,00|0,00|0,00|0|||0,00|0,00|0,00|01|285,95|0,6500|||1,86|01|285,95|3,0000|||8,58||
|C170|31|3144||2,00000|UN|16,16|0,00|0|060|5405||0,00|0,00|0,00|0,00|0,00|0,00|0|||0,00|0,00|0,00|01|16,16|0,6500|||0,11|01|16,16|3,0000|||0,48||
|C170|32|3135||10,00000|UN|37,10|0,00|0|060|5405||0,00|0,00|0,00|0,00|0,00|0,00|0|||0,00|0,00|0,00|01|37,10|0,6500|||0,24|01|37,10|3,0000|||1,11||
|C170|33|3227||2,00000|UN|12,88|0,00|0|060|5405||0,00|0,00|0,00|0,00|0,00|0,00|0|||0,00|0,00|0,00|01|12,88|0,6500|||0,08|01|12,88|3,0000|||0,39||
|C170|34|3145||6,00000|UN|21,54|0,00|0|060|5405||0,00|0,00|0,00|0,00|0,00|0,00|0|||0,00|0,00|0,00|01|21,54|0,6500|||0,14|01|21,54|3,0000|||0,65||
|C170|35|588||10,00000|MT|95,70|0,00|0|060|5405||0,00|0,00|0,00|0,00|0,00|0,00|0|||0,00|0,00|0,00|01|95,70|0,6500|||0,62|01|95,70|3,0000|||2,87||
|C170|36|556||11,00000|UN|100,10|0,00|0|060|5405||0,00|0,00|0,00|0,00|0,00|0,00|0|||0,00|0,00|0,00|01|100,10|0,6500|||0,65|01|100,10|3,0000|||3,00||
|C170|37|7813||12,00000|UN|480,12|0,00|0|060|5405||0,00|0,00|0,00|0,00|0,00|0,00|0|||0,00|0,00|0,00|01|480,12|0,6500|||3,12|01|480,12|3,0000|||14,40||
|C170|38|3531||6,00000|UN|114,06|0,00|0|060|5405||0,00|0,00|0,00|0,00|0,00|0,00|0|||0,00|0,00|0,00|01|114,06|0,6500|||0,74|01|114,06|3,0000|||3,42||
|C170|39|844||47,00000|UN|72,85|0,00|0|000|5102||72,85|18,00|13,11|0,00|0,00|0,00|0|||0,00|0,00|0,00|01|72,85|0,6500|||0,47|01|72,85|3,0000|||2,19||
|C170|40|2877||1,00000|UN|51,06|0,00|0|060|5405||0,00|0,00|0,00|0,00|0,00|0,00|0|||0,00|0,00|0,00|01|51,06|0,6500|||0,33|01|51,06|3,0000|||1,53||
|C170|41|2633||50,00000|MT|155,00|0,00|0|060|5405||0,00|0,00|0,00|0,00|0,00|0,00|0|||0,00|0,00|0,00|01|155,00|0,6500|||1,01|01|155,00|3,0000|||4,65||
|C170|42|7749||3,00000|UN|183,39|0,00|0|060|5405||0,00|0,00|0,00|0,00|0,00|0,00|0|||0,00|0,00|0,00|01|183,39|0,6500|||1,19|01|183,39|3,0000|||5,50||
|C170|43|5801||6,00000|UN|28,86|0,00|0|060|5405||0,00|0,00|0,00|0,00|0,00|0,00|0|||0,00|0,00|0,00|01|28,86|0,6500|||0,19|01|28,86|3,0000|||0,87||
|C170|44|2078||17,00000|MT|80,07|0,00|0|060|5405||0,00|0,00|0,00|0,00|0,00|0,00|0|||0,00|0,00|0,00|01|80,07|0,6500|||0,52|01|80,07|3,0000|||2,40||
|C170|45|494||1,00000|UN|7,10|0,00|0|060|5405||0,00|0,00|0,00|0,00|0,00|0,00|0|||0,00|0,00|0,00|01|7,10|0,6500|||0,05|01|7,10|3,0000|||0,21||
|C170|46|3137||5,00000|UN|195,75|0,00|0|060|5405||0,00|0,00|0,00|0,00|0,00|0,00|0|||0,00|0,00|0,00|01|195,75|0,6500|||1,27|01|195,75|3,0000|||5,87||
|C170|47|5080||2,00000|UN|38,18|0,00|0|060|5405||0,00|0,00|0,00|0,00|0,00|0,00|0|||0,00|0,00|0,00|01|38,18|0,6500|||0,25|01|38,18|3,0000|||1,15||
|C170|48|2253||1,00000|MT|9,04|0,00|0|000|5102||9,04|18,00|1,63|0,00|0,00|0,00|0|||0,00|0,00|0,00|01|9,04|0,6500|||0,06|01|9,04|3,0000|||0,27||
|C170|49|7038||15,00000|UN|210,45|0,00|0|060|5405||0,00|0,00|0,00|0,00|0,00|0,00|0|||0,00|0,00|0,00|01|210,45|0,6500|||1,37|01|210,45|3,0000|||6,31||
|C170|50|3146||7,00000|UN|56,56|0,00|0|060|5405||0,00|0,00|0,00|0,00|0,00|0,00|0|||0,00|0,00|0,00|01|56,56|0,6500|||0,37|01|56,56|3,0000|||1,70||
|C170|51|157||15,00000|MT|189,15|0,00|0|060|5405||0,00|0,00|0,00|0,00|0,00|0,00|0|||0,00|0,00|0,00|01|189,15|0,6500|||1,23|01|189,15|3,0000|||5,67||
|C170|52|3135||2,00000|UN|7,42|0,00|0|060|5405||0,00|0,00|0,00|0,00|0,00|0,00|0|||0,00|0,00|0,00|01|7,42|0,6500|||0,05|01|7,42|3,0000|||0,22||
|C170|53|3224||2,00000|UN|9,30|0,00|0|060|5405||0,00|0,00|0,00|0,00|0,00|0,00|0|||0,00|0,00|0,00|01|9,30|0,6500|||0,06|01|9,30|3,0000|||0,28||
|C170|54|4184||32,00000|UN|223,04|0,00|0|060|5405||0,00|0,00|0,00|0,00|0,00|0,00|0|||0,00|0,00|0,00|01|223,04|0,6500|||1,45|01|223,04|3,0000|||6,69||
|C170|55|7375||2,00000|UN|2,70|0,00|0|060|5405||0,00|0,00|0,00|0,00|0,00|0,00|0|||0,00|0,00|0,00|01|2,70|0,6500|||0,02|01|2,70|3,0000|||0,08||
|C170|56|4760||5,00000|UN|157,10|0,00|0|060|5405||0,00|0,00|0,00|0,00|0,00|0,00|0|||0,00|0,00|0,00|01|157,10|0,6500|||1,02|01|157,10|3,0000|||4,71||
|C170|57|2068||30,00000|MT|61,80|0,00|0|060|5405||0,00|0,00|0,00|0,00|0,00|0,00|0|||0,00|0,00|0,00|01|61,80|0,6500|||0,40|01|61,80|3,0000|||1,85||
|C100|1|0||65|00|001|4741|31220741132335000221650010000047411211857826|28072022|28072022|140,32|0|0,00||140,32|9|0,00|0,00|0,00|0,00|0,00||||0,90|4,22|0,00|0,00|
|C110|000001||
|C110|000002||
|C110|000003||
|C110|000004||
|C110|000005||
|C175|5405|140,32|0,00|01|140,32|0,6500|||0,90|01|140,32|3,0000|||4,22|||
|C100|1|0||65|00|001|4742|31220741132335000221650010000047421232146080|28072022|28072022|26,77|0|0,00||26,77|9|0,00|0,00|0,00|0,00|0,00||||0,18|0,81|0,00|0,00|
|C110|000001||
|C110|000002||
|C110|000003||
|C110|000004||
|C110|000005||
|C175|5405|26,77|0,00|01|26,77|0,6500|||0,18|01|26,77|3,0000|||0,81|||
|C100|1|0||65|00|001|4743|31220741132335000221650010000047431252434355|29072022|29072022|91,60|0|0,00||91,60|9|0,00|0,00|0,00|0,00|0,00||||0,59|2,75|0,00|0,00|
|C110|000001||
|C110|000002||
|C110|000003||
|C110|000004||
|C110|000005||
|C175|5405|91,60|0,00|01|91,60|0,6500|||0,59|01|91,60|3,0000|||2,75|||
|C100|1|0||65|00|001|4744|31220741132335000221650010000047441272722612|29072022|29072022|34,91|0|0,00||34,91|9|0,00|0,00|0,00|0,00|0,00||||0,24|1,04|0,00|0,00|
|C110|000001||
|C110|000002||
|C110|000003||
|C110|000004||
|C110|000005||
|C175|5405|34,91|0,00|01|34,91|0,6500|||0,24|01|34,91|3,0000|||1,04|||
|C100|1|0||65|00|001|4745|31220741132335000221650010000047451293010872|29072022|29072022|63,82|0|0,00||63,82|9|0,00|0,00|0,00|0,00|0,00||||0,43|1,92|0,00|0,00|
|C110|000001||
|C110|000002||
|C110|000003||
|C110|000004||
|C110|000005||
|C175|5405|63,82|0,00|01|63,82|0,6500|||0,43|01|63,82|3,0000|||1,92|||
|C100|1|0||65|00|001|4746|31220741132335000221650010000047461313299136|29072022|29072022|778,45|0|0,00||778,45|9|0,00|0,00|0,00|734,40|132,18||||5,06|23,34|0,00|0,00|
|C110|000001||
|C110|000002||
|C110|000003||
|C110|000004||
|C110|000005||
|C175|5102|734,40|0,00|01|734,40|0,6500|||4,77|01|734,40|3,0000|||22,02|||
|C175|5405|44,05|0,00|01|44,05|0,6500|||0,29|01|44,05|3,0000|||1,32|||
|C100|1|0||65|00|001|4747|31220741132335000221650010000047471333587398|29072022|29072022|54,30|0|0,00||54,30|9|0,00|0,00|0,00|0,00|0,00||||0,35|1,63|0,00|0,00|
|C110|000001||
|C110|000002||
|C110|000003||
|C110|000004||
|C110|000005||
|C175|5405|54,30|0,00|01|54,30|0,6500|||0,35|01|54,30|3,0000|||1,63|||
|C100|1|0||65|00|001|4748|31220741132335000221650010000047481353875655|29072022|29072022|72,20|0|0,00||72,20|9|0,00|0,00|0,00|11,55|2,08||||0,47|2,17|0,00|0,00|
|C110|000001||
|C110|000002||
|C110|000003||
|C110|000004||
|C110|000005||
|C175|5102|11,55|0,00|01|11,55|0,6500|||0,08|01|11,55|3,0000|||0,35|||
|C175|5405|60,65|0,00|01|60,65|0,6500|||0,39|01|60,65|3,0000|||1,82|||
|C100|1|0||65|00|001|4749|31220741132335000221650010000047491374163929|29072022|29072022|429,22|0|0,00||429,22|9|0,00|0,00|0,00|0,00|0,00||||2,78|12,88|0,00|0,00|
|C110|000001||
|C110|000002||
|C110|000003||
|C110|000004||
|C110|000005||
|C175|5405|429,22|0,00|01|429,22|0,6500|||2,78|01|429,22|3,0000|||12,88|||
|C100|1|0||65|00|001|4750|31220741132335000221650010000047501394452188|29072022|29072022|328,00|0|0,00||328,00|9|0,00|0,00|0,00|0,00|0,00||||2,13|9,84|0,00|0,00|
|C110|000001||
|C110|000002||
|C110|000003||
|C110|000004||
|C110|000005||
|C175|5405|328,00|0,00|01|328,00|0,6500|||2,13|01|328,00|3,0000|||9,84|||
|C100|1|0||65|00|001|4751|31220741132335000221650010000047511414740440|29072022|29072022|442,50|0|0,00||442,50|9|0,00|0,00|0,00|10,50|1,89||||2,88|13,27|0,00|0,00|
|C110|000001||
|C110|000002||
|C110|000003||
|C110|000004||
|C110|000005||
|C175|5102|10,50|0,00|01|10,50|0,6500|||0,07|01|10,50|3,0000|||0,32|||
|C175|5405|432,00|0,00|01|432,00|0,6500|||2,81|01|432,00|3,0000|||12,95|||
|C100|1|0|3993|55|00|1|1440|31220741132335000221550010000014401231046742|29072022|29072022|182,34|0|0,00||182,34|1|0,00|0,00|0,00|0,00|0,00|0,00|0,00|0,00|1,19|5,46|0,00|0,00|
|C110|000001||
|C110|000002||
|C110|000003||
|C110|000004||
|C110|000005||
|C170|1|5665||2,00000|UN|8,82|0,00|0|060|5405||0,00|0,00|0,00|0,00|0,00|0,00|0|||0,00|0,00|0,00|01|8,82|0,6500|||0,06|01|8,82|3,0000|||0,26||
|C170|2|5664||10,00000|UN|50,40|0,00|0|060|5405||0,00|0,00|0,00|0,00|0,00|0,00|0|||0,00|0,00|0,00|01|50,40|0,6500|||0,33|01|50,40|3,0000|||1,51||
|C170|3|5675||10,00000|UN|28,30|0,00|0|060|5405||0,00|0,00|0,00|0,00|0,00|0,00|0|||0,00|0,00|0,00|01|28,30|0,6500|||0,18|01|28,30|3,0000|||0,85||
|C170|4|42||4,00000|UN|3,24|0,00|0|060|5405||0,00|0,00|0,00|0,00|0,00|0,00|0|||0,00|0,00|0,00|01|3,24|0,6500|||0,02|01|3,24|3,0000|||0,10||
|C170|5|5663||2,00000|UN|9,36|0,00|0|060|5405||0,00|0,00|0,00|0,00|0,00|0,00|0|||0,00|0,00|0,00|01|9,36|0,6500|||0,06|01|9,36|3,0000|||0,28||
|C170|6|5676||2,00000|UN|5,66|0,00|0|060|5405||0,00|0,00|0,00|0,00|0,00|0,00|0|||0,00|0,00|0,00|01|5,66|0,6500|||0,04|01|5,66|3,0000|||0,17||
|C170|7|5663||10,00000|UN|46,80|0,00|0|060|5405||0,00|0,00|0,00|0,00|0,00|0,00|0|||0,00|0,00|0,00|01|46,80|0,6500|||0,30|01|46,80|3,0000|||1,40||
|C170|8|6604||1,00000|UN|19,68|0,00|0|060|5405||0,00|0,00|0,00|0,00|0,00|0,00|0|||0,00|0,00|0,00|01|19,68|0,6500|||0,13|01|19,68|3,0000|||0,59||
|C170|9|5664||2,00000|UN|10,08|0,00|0|060|5405||0,00|0,00|0,00|0,00|0,00|0,00|0|||0,00|0,00|0,00|01|10,08|0,6500|||0,07|01|10,08|3,0000|||0,30||
|C100|1|0||65|00|001|4752|31220741132335000221650010000047521435028703|30072022|30072022|95,08|0|0,00||95,08|9|0,00|0,00|0,00|0,00|0,00||||0,62|2,85|0,00|0,00|
|C110|000001||
|C110|000002||
|C110|000003||
|C110|000004||
|C110|000005||
|C175|5405|95,08|0,00|01|95,08|0,6500|||0,62|01|95,08|3,0000|||2,85|||
|C100|1|0||65|00|001|4754|31220741132335000221650010000047541475605226|30072022|30072022|47,10|0|0,00||47,10|9|0,00|0,00|0,00|0,00|0,00||||0,31|1,42|0,00|0,00|
|C110|000001||
|C110|000002||
|C110|000003||
|C110|000004||
|C110|000005||
|C175|5405|47,10|0,00|01|47,10|0,6500|||0,31|01|47,10|3,0000|||1,42|||
|C100|1|0|3181|55|00|1|1441|31220741132335000221550010000014411777266407|30072022|30072022|764,81|0|0,00||764,81|1|0,00|0,00|0,00|0,00|0,00|0,00|0,00|0,00|4,98|22,94|0,00|0,00|
|C110|000009||
|C110|000001||
|C110|000002||
|C110|000003||
|C110|000004||
|C110|000005||
|C170|1|6328||5,00000|MT|190,15|0,00|0|060|5405||0,00|0,00|0,00|0,00|0,00|0,00|0|||0,00|0,00|0,00|01|190,15|0,6500|||1,24|01|190,15|3,0000|||5,70||
|C170|2|6309||2,00000|UN|574,66|0,00|0|060|5405||0,00|0,00|0,00|0,00|0,00|0,00|0|||0,00|0,00|0,00|01|574,66|0,6500|||3,74|01|574,66|3,0000|||17,24||
|C100|1|0||65|00|001|4755|31220741132335000221650010000047551495893496|30072022|30072022|223,20|1|0,00||223,20|9|0,00|0,00|0,00|0,00|0,00||||1,47|6,70|0,00|0,00|
|C110|000001||
|C110|000002||
|C110|000003||
|C110|000004||
|C110|000005||
|C175|5405|223,20|0,00|01|223,20|0,6500|||1,47|01|223,20|3,0000|||6,70|||
|C100|1|0||65|00|001|4756|31220741132335000221650010000047561516181756|30072022|30072022|3,55|0|0,00||3,55|9|0,00|0,00|0,00|0,00|0,00||||0,02|0,11|0,00|0,00|
|C110|000001||
|C110|000002||
|C110|000003||
|C110|000004||
|C110|000005||
|C175|5405|3,55|0,00|01|3,55|0,6500|||0,02|01|3,55|3,0000|||0,11|||
|C100|1|0||65|00|001|4757|31220741132335000221650010000047571536470017|30072022|30072022|62,05|0|0,00||62,05|9|0,00|0,00|0,00|0,00|0,00||||0,40|1,86|0,00|0,00|
|C110|000001||
|C110|000002||
|C110|000003||
|C110|000004||
|C110|000005||
|C175|5405|62,05|0,00|01|62,05|0,6500|||0,40|01|62,05|3,0000|||1,86|||
|C100|1|0||65|00|001|4758|31220741132335000221650010000047581556758277|30072022|30072022|65,80|0|0,00||65,80|9|0,00|0,00|0,00|0,00|0,00||||0,43|1,98|0,00|0,00|
|C110|000001||
|C110|000002||
|C110|000003||
|C110|000004||
|C110|000005||
|C175|5405|65,80|0,00|01|65,80|0,6500|||0,43|01|65,80|3,0000|||1,98|||
|C100|1|0||65|00|001|4759|31220741132335000221650010000047591577046532|30072022|30072022|455,34|0|0,00||455,34|9|0,00|0,00|0,00|0,00|0,00||||2,96|13,66|0,00|0,00|
|C110|000001||
|C110|000002||
|C110|000003||
|C110|000004||
|C110|000005||
|C175|5405|455,34|0,00|01|455,34|0,6500|||2,96|01|455,34|3,0000|||13,66|||
|C100|1|0||65|00|001|4760|31220741132335000221650010000047601597334798|30072022|30072022|15,75|0|0,00||15,75|9|0,00|0,00|0,00|0,00|0,00||||0,10|0,47|0,00|0,00|
|C110|000001||
|C110|000002||
|C110|000003||
|C110|000004||
|C110|000005||
|C175|5405|15,75|0,00|01|15,75|0,6500|||0,10|01|15,75|3,0000|||0,47|||
|C100|1|0|3994|55|00|1|1444|31220741132335000221550010000014441332488057|30072022|30072022|596,16|0|44,44||596,16|1|0,00|0,00|0,00|0,00|0,00|0,00|0,00|0,00|3,88|17,88|0,00|0,00|
|C110|000001||
|C110|000002||
|C110|000003||
|C110|000004||
|C110|000005||
|C170|1|1539||1,00000|UN|30,79|2,29|0|060|5405||0,00|0,00|0,00|0,00|0,00|0,00|0|||0,00|0,00|0,00|01|30,79|0,6500|||0,20|01|30,79|3,0000|||0,92||
|C170|2|261||2,00000|UN|43,66|3,26|0|060|5405||0,00|0,00|0,00|0,00|0,00|0,00|0|||0,00|0,00|0,00|01|43,66|0,6500|||0,28|01|43,66|3,0000|||1,31||
|C170|3|588||60,00000|MT|419,34|31,26|0|060|5405||0,00|0,00|0,00|0,00|0,00|0,00|0|||0,00|0,00|0,00|01|419,34|0,6500|||2,73|01|419,34|3,0000|||12,58||
|C170|4|328||200,00000|UN|102,37|7,63|0|060|5405||0,00|0,00|0,00|0,00|0,00|0,00|0|||0,00|0,00|0,00|01|102,37|0,6500|||0,67|01|102,37|3,0000|||3,07||
|C100|1|0||65|00|001|4761|31220741132335000221650010000047611617623061|30072022|30072022|51,60|0|0,00||51,60|9|0,00|0,00|0,00|0,00|0,00||||0,34|1,55|0,00|0,00|
|C110|000001||
|C110|000002||
|C110|000003||
|C110|000004||
|C110|000005||
|C175|5405|51,60|0,00|01|51,60|0,6500|||0,34|01|51,60|3,0000|||1,55|||
|C100|1|0||65|00|001|4762|31220741132335000221650010000047621637911329|30072022|30072022|161,82|0|0,00||161,82|9|0,00|0,00|0,00|0,00|0,00||||1,05|4,86|0,00|0,00|
|C110|000001||
|C110|000002||
|C110|000003||
|C110|000004||
|C110|000005||
|C175|5405|161,82|0,00|01|161,82|0,6500|||1,05|01|161,82|3,0000|||4,86|||
|C100|1|0||65|00|001|4763|31220741132335000221650010000047631658199587|30072022|30072022|41,06|0|0,00||41,06|9|0,00|0,00|0,00|0,00|0,00||||0,27|1,23|0,00|0,00|
|C110|000001||
|C110|000002||
|C110|000003||
|C110|000004||
|C110|000005||
|C175|5405|41,06|0,00|01|41,06|0,6500|||0,27|01|41,06|3,0000|||1,23|||
|C100|1|0||65|00|001|4764|31220741132335000221650010000047641678487844|30072022|30072022|25,95|0|0,00||25,95|9|0,00|0,00|0,00|0,00|0,00||||0,16|0,79|0,00|0,00|
|C110|000001||
|C110|000002||
|C110|000003||
|C110|000004||
|C110|000005||
|C175|5405|25,95|0,00|01|25,95|0,6500|||0,16|01|25,95|3,0000|||0,79|||
|C100|1|0||65|00|001|4765|31220741132335000221650010000047651698776105|30072022|30072022|85,22|0|0,00||85,22|9|0,00|0,00|0,00|0,00|0,00||||0,55|2,55|0,00|0,00|
|C110|000001||
|C110|000002||
|C110|000003||
|C110|000004||
|C110|000005||
|C175|5405|85,22|0,00|01|85,22|0,6500|||0,55|01|85,22|3,0000|||2,55|||
|C100|1|0||65|00|001|4766|31220741132335000221650010000047661719064360|30072022|30072022|375,19|0|0,00||375,19|9|0,00|0,00|0,00|0,00|0,00||||2,44|11,26|0,00|0,00|
|C110|000001||
|C110|000002||
|C110|000003||
|C110|000004||
|C110|000005||
|C175|5405|375,19|0,00|01|375,19|0,6500|||2,44|01|375,19|3,0000|||11,26|||
|C100|1|0||65|00|001|4767|31220741132335000221650010000047671739352635|30072022|30072022|83,62|0|0,00||83,62|9|0,00|0,00|0,00|0,00|0,00||||0,54|2,51|0,00|0,00|
|C110|000001||
|C110|000002||
|C110|000003||
|C110|000004||
|C110|000005||
|C175|5405|83,62|0,00|01|83,62|0,6500|||0,54|01|83,62|3,0000|||2,51|||
|C100|1|0||65|00|001|4768|31220741132335000221650010000047681759640897|30072022|30072022|187,24|1|0,00||187,24|9|0,00|0,00|0,00|0,00|0,00||||1,23|5,62|0,00|0,00|
|C110|000001||
|C110|000002||
|C110|000003||
|C110|000004||
|C110|000005||
|C175|5405|187,24|0,00|01|187,24|0,6500|||1,23|01|187,24|3,0000|||5,62|||
|C100|1|0||65|00|001|4769|31220741132335000221650010000047691779929156|30072022|30072022|135,20|0|0,00||135,20|9|0,00|0,00|0,00|59,84|10,77||||0,87|4,06|0,00|0,00|
|C110|000001||
|C110|000002||
|C110|000003||
|C110|000004||
|C110|000005||
|C175|5102|59,84|0,00|01|59,84|0,6500|||0,39|01|59,84|3,0000|||1,80|||
|C175|5405|75,36|0,00|01|75,36|0,6500|||0,48|01|75,36|3,0000|||2,26|||
|C100|1|0||65|00|001|4770|31220741132335000221650010000047701800217416|30072022|30072022|260,11|1|0,00||260,11|9|0,00|0,00|0,00|76,40|13,75||||1,70|7,81|0,00|0,00|
|C110|000001||
|C110|000002||
|C110|000003||
|C110|000004||
|C110|000005||
|C175|5102|76,40|0,00|01|76,40|0,6500|||0,50|01|76,40|3,0000|||2,29|||
|C175|5405|183,71|0,00|01|183,71|0,6500|||1,20|01|183,71|3,0000|||5,52|||
|C990|4046|
|D001|1|
|D990|2|
|F001|1|
|F990|2|
|I001|1|
|I990|2|
|M001|0|
|M200|0,00|0,00|0,00|0,00|0,00|0,00|0,00|1549,18|0,00|0,00|1549,18|1549,18|
|M205|12|691201|1549,18|
|M210|51|238335,30|238335,30|0,00|0,00|238335,30|0,65|0,00||1549,18|0,00|0,00|0,00|0,00|1549,18|
|M600|0,00|0,00|0,00|0,00|0,00|0,00|0,00|7150,06|0,00|0,00|7150,06|7150,06|
|M605|12|585601|7150,06|
|M610|51|238335,30|238335,30|0,00|0,00|238335,30|3,00|0,00||7150,06|0,00|0,00|0,00|0,00|7150,06|
|M990|8|
|P001|1|
|P990|2|
|1001|1|
|1990|2|
|9001|0|
|9900|0000|1|
|9900|0001|1|
|9900|0100|1|
|9900|0110|1|
|9900|0140|1|
|9900|0150|71|
|9900|0190|3|
|9900|0200|470|
|9900|0450|38|
|9900|0990|1|
|9900|1001|1|
|9900|1990|1|
|9900|9001|1|
|9900|9900|41|
|9900|9990|1|
|9900|9999|1|
|9900|A001|1|
|9900|A990|1|
|9900|C001|1|
|9900|C010|1|
|9900|C100|469|
|9900|C110|2396|
|9900|C170|754|
|9900|C175|424|
|9900|C990|1|
|9900|D001|1|
|9900|D990|1|
|9900|F001|1|
|9900|F990|1|
|9900|I001|1|
|9900|I990|1|
|9900|M001|1|
|9900|M200|1|
|9900|M205|1|
|9900|M210|1|
|9900|M600|1|
|9900|M605|1|
|9900|M610|1|
|9900|M990|1|
|9900|P001|1|
|9900|P990|1|
|9990|44|
|9999|4698|
