|0000|006|0|||01072022|31072022|ELETRODUARTE SANTA BARBARA SB|41132335000140|MG|3157203||00|2|
|0001|0|
|0100|LUIZ ANTONIO DA SILVA|37895990691|MG-053941O||35960000|RUA MARIA CAROLINA|126||CENTRO|3138322532||consilcontabilidade@terra.com.br|3157203|
|0110|2|1|1|9|
|0140|1|ELETRODUARTE SANTA BARBARA SB|41132335000140|MG|0039925260019|3157203|||
|0150|7|RAIMUNDO NEPOMUCENO FILHO|1058||23187379672||3105400||RUA ALFERES JOAQUIM EGIDIO|564||SAGRADA FAMILIA|
|0150|398|MLM ACIONAMENTOS E AUTOMACAO ELETRI|1058|71285704000104||0628721850096|3106200||AVENIDA PORTUGAL|398||ITAPOA|
|0150|503|EMERSON ARCANJO DE OLIVEIRA  CIA LTDA  ME|1058|05798339000107||0010450830020|3157203||RUA DR HELVIO MOREIRA DOS SANTOS|SN||SAO VICENTE|
|0150|544|JOSE ANCHIETA DA SILVA|1058||11579315615||3157203||PRACA CLEVES FARIAS|SN||CENTRO|
|0150|553|MONICA BERNADETE MACHADO FREITAS|1058|97417539000182||0023948840091|3157203||RUA DAS TEIXEIRAS|50|CASA|CENTRO|
|0150|566|CAMARA MUNICIPAL DE CATAS ALTAS|1058|04443748000110|||3115359||PRACA MONSENHOR MENDES|SN||CENTRO|
|0150|569|ASSOCIACAO COMER EMPR INDUS E PREST|1058|18266916000153|||3157203||RUA CRISTIANO GEO MAIA|SN||CENTRO|
|0150|597|HOTEL FLORENZA LTDA|1058|13430936000102||0017517800078|3157203||RUA ANTONIO PEREIRA ROCHA|SN||CENTRO|
|0150|612|SANTA CASA NOSSA SENHORA DAS MERCES|1058|24378986000104|||3157203||RUA NOSSA SENHORA DAS MERCES|SN||CENTRO|
|0150|619|APIARIOS MACKLLANI LTDA|1058|00767076000147||5729456160096|3157203||RUA JOAO MOTA|SN||SANTA MONICA|
|0150|726|LUCIO REZENDE FONSECA DIST TANGIRU LTDA|1058|09172593000148||0010503790060|3157203||AV LEVI FERREIRA MARTINS|1135||SANTA MONICA|
|0150|750|PEDREIRA UM VALEMIX MICON  MINERAO CONGONHAS|1058|18329060000118||0014823300076|3115359||FAZENDA QUBRA OSSOS|SN||ZONA RURAL|
|0150|793|MICHAEL REZENDE SANTOS|1058||04611506622||3157203||RU FRANCIISCO ARCANJO DE SOUZA MELO|90||CENTRO|
|0150|805|CONSTRUTORA HRDOMINIO LTDA|1058|23264831000176||3175729440057|3131703||AVENIDA MADALENA PEREIRA DOS SANTOS|394||VILA SAO JOAQUIM|
|0150|883|CONDOMINIO MORADA DOURO|1058|18317830000102|||3157203||RUA DA PRAIA|SN||PRAIA|
|0150|892|M.S USINAGEM E CALDEIRARIA LTDA|1058|12347626000158||0016417790037|3157203||RUA INDUSTRIAL|205||SAO BERNARDO|
|0150|1002|ONIX MINERACAO LTDA ME|1058|01703219000110||5726136840085|3115359||FAZENDA DOS TEIXEIRA|SN||ZONA RURAL|
|0150|1122|JOAO RICARDO AYRES BORGES|1058||06448782664||3157203||RUA AGENOR VIEIRA DE SOUZA|SN||SANTA MONICA|
|0150|1225|CAIXA ESCOLAR ALZIRA AYRES PEREIRA|1058|19392117000196|||3115359||RUA FELICIO  ALVES|575||SOL NASCENTE|
|0150|1629|CARLOS ANTONIO MACELLANI|1058||46876626687||3157203||RUA FAZENDA BRUMADO|SN||BRUMAL|
|0150|2011|MANSERV FACILITIES  LTDA|1058|20707884000711||0029108890030|3144805||AVENIDA OSCAR NIEMEYER|SN||SERRA|
|0150|2028|CAIXA ESCOLAR COLEGIO MUNICIAPL AFONSO PENA C|1058|01892003000140|||3157203||RUA FRANCISCO ARCANJO DE SOUZA|SN||CENTRO|
|0150|2031|VIA ONDAS TELECOMUNICAOES LTDA ME|1058|27417037000176||0029397620096|3157203||RUA CONSELHEIRO AFONSO PENA|585||CENTRO|
|0150|2049|SINGULAR CLINIC MEDICA LTDAME|1058|26185112000158|||3157203||RUA XV DE NOVEMBRO|15||CENTRO|
|0150|2051|IGREJA PRESBITERIANA EM SANTA BARBARA|1058|01369690000113|||3157203||RUA VISCONDE DO RIO BRANCO|904||CENTRO|
|0150|2085|TECIDOS E ARMARINHOS MIGUEL BARTOLO|1058|17359233000188||1860057420087|3118601||AV MUNICIPAL MANOEL JACINTO COEL JR|SN||TAPERA|
|0150|2268|COMUNIDADE CRISTA ALFA OMEGA|1058|28916789000144|||3157203||RUA TRAVESSA AFONSO PENA|SN||CENTRO|
|0150|2376|LUIZ CARLOS BOCALON 1980|1058||00517823675||3157203||TRIANGULO CENTRAL|SN||CENTRO|
|0150|2461|BM ASSISTENCIA AUTOMOTIVA LTDA|1058|22866458000160||0025936290077|3157203||RUA FRANCISCO TEIXEIRA DA FONSECA|183||SANTA MONICA|
|0150|2492|CONBRAS SERVIC TECN DE SUPORTE LTDA - BRUCUTU|1058|33158874001011||0629374230070|3106200||RUA SAO PAULO|SN||LOURDES|
|0150|2525|HEMERSON VICENTE DE SOUZA EIRELI|1058|33499900000184||0034349690093|3157203||RUA 1|121||RESIDENCIAL RECANTO VERDE|
|0150|2605|CLERISON GONCALVES 2547|1058||04699461646||3157203||RUA JOAQUIM FEREIRA NEVES|SN||MAE CATARINA|
|0150|2655|PABLO BRETAS ZUNZARREM|1058||06287698659||3157203||RUA EDMUNDO PENA|SN||CENTRO|
|0150|2770|EMPRESA BRASILEIRA DE ALOJAMENTOS INSDUSTRIAI|1058|10145141000156|||3106200||RUA GERALDO RIOS|219||CENTRO|
|0150|2803|THAIS MAGALHAES GUMARAES|1058|21192220000134||0024452750095|3115359||RUA MONSENHOR MENDES|70||CENTRO|
|0150|2891|JULIA MACKLLANI GONCALVES DE OLIVEIRA|1058||07066769635||3157203||ALAMEDA DAS ACACIAS|103||VILA VERDE|
|0150|2892|FLAVIO GERALDO FERREIRA|1058||61380628687||3157203||AV. LINDOR TIAGO DOS APÓSTOLOS|217||AGUA FRIA|
|0150|2924|RUBFER LOCACAO DE MAQUINAS E SERVICOS EIRELI|1058|05990457000104||0015699100024|3105400||RUA SEBASTIAO ALVES PEREIRA|SN||SAO JOSE|
|0150|2989|ROGERIO DE LIMA LOPES|1058||72521570672||3157203||RUA PRAÇA GIRASSOL|75|CASA|SAO FRANCISCO|
|0150|3081|FERREIRA & NATIVO LTDA|1058|36512357000104||0040903330024|3157203||R ANTONIO PEREIRA ROCHA|690|LOJA 01|CENTRO|
|0150|3131|RENATO RONDAO CATARUSSI|1058||38402527841||3550308||RUA WANDERLEY LIBÉRIO TELLES|915||JARDINS|
|0150|3224|CARLOS ANTONIO MACELLANI|1058||46876626687||3157203||FAZENDA QUATRO RODAS|S/N||DISTRITO BARRO BRANCO|
|0150|3253|FORSHIP ENGENHARIA S/A|1058|02657017001466|||3106200||R OLAVO BILAC|45|LOJA 03|CIDADE UNIVERSITARIA|
|0150|3258|VM MINERACAO LTDA|1058|41989693000174||0040529330059|3106200||SITIO BOA NOITE|S/N||FONSECA|
|0150|3307|ARLEN ANTONIO FERREIRA|1058||06891266629||3157203||RUA ODILIA CALDEIRA ROCHA|109||ANA MARGARIDA|
|0150|3326|MILPLAN ENGENHARIA S.A.|1058|15063096000880||0019170140510|3106200||R RIO GRANDE DO SUL|40||SANTA EFIGENIA|
|0150|3337|EDIFICAR EMPREENDIMENTOS E CONSTRUCOES L|1058|04478726000195|||3106200||AV GETULIO VARGAS|5432|SALA 403|CARNEIRINHOS|
|0150|3367|ONIX MINERACAO LTDA|1058|01703219000381||5726136840247|3106200||SIT MATHEUS DE SOUZA|S/N||ZONA RURAL|
|0150|3378|ANDRE LUIZ SILVA MENDES|1058||06748022843||3157203||PRACA JOSUE ARCANJO FILHO|39||CENTRO|
|0150|3389|SARTORI SERVICOS LTDA.|1058|03649389000199||3621315120080|3106200||AVENIDA CAMBURI|1320||SION|
|0150|3401|CONSTRUTORA ROCA LTDA|1058|76033653000724||0021940210003|3127701||RUA AYRTON SENA|210||INTERLAGOS|
|0150|3413|VINA EQUIPAMENTOS E CONSTRUCOES LTDA|1058|02230611000151||0627346670042|3106200||AV PERIMETRAL|2521||DISTRITO INDUSTRIAL VALE DO JA|
|0150|3418|VANIA MARIA BATISTA|1058||06655098637||3157203||RUA DA PRAIA|400||PRAIA|
|0150|3419|PAULO ANTONIO DE PRADO|1058||34504966620||3157203||RUA VISCONDE DO RIO BRANCO|835|CASA|SAO FRANSICO|
|0150|3424|TELEVALE – TELE COMUNICACOES DO VALE DO RIO|1058|71061345000101||7019425440000|3170107||RUA OSVALDO CRUZ|83||ESTAÇÃO|
|0150|3426|RICARDO FERNANDES VALADARES|1058||05842175606||3157203||JOSE MATHEUS DA CRUZ|210|CASA|VISTA ALEGRE|
|0150|3428|CAMILA DO ROSARIO DE SOUZA|1058||07839881688||3157203||RUA GUARAPARI|79||IPANEMA|
|0150|3429|NILTON MENDES AMARO|1058||04524140670||3157203||RUA CLEVES DE FARIA|555||CENTRO|
|0150|3431|CS TOWER BRASIL ENGENHARIA LTDA|1058|13993117000165||105077658|5208707||AV DEPUTADO JAMEL CECILIO|2929|QUADRAB27 LOTE AREA|JD GOIAS|
|0150|3432|LSK MINERACAO E COMERCIO EIRELI|1058|33674312000130||0034496830094|3157203||FAZ BATEIAS|SN||BATEIAS|
|0150|3433|ALDEIR JOSE DOMINGOS|1058||10724363610||3157203||RUA DA GLORIA|91|CASA|SANTA RITA|
|0150|3440|GABRIEL CARVALHO NASCIMENTO|1058||09819245656||3106200||RUA NELSON SOARES DE FARIA|302|APARTAMENTO|CIDADE NOVA|
|0150|3442|CARDAN ENGENHARIA E CONSTRUCOES S.A.|1058|09329077000184||0010594970075|3106200||AVENIDA URUGUAI|250|SALA 501|SION|
|0190|MT|MT MT|
|0190|RL|RL RL|
|0190|UN|UN UN|
|0200|10|CAIXA PVC 4X4|||UN|00|39259090||39|||
|0200|1009|FITA ISOLANTE 10M 3M IMPERIAL|||UN|00|39191020||39|||
|0200|103|CABECOTE PVC 11/2|||UN|00|39269090||39||18,00|
|0200|1038|PINO IND 3P+T 63A 9H AZ 4579 220V|7892327520155||UN|00|85366990||85|||
|0200|1039|TOMADA IND 3P+T 32A 9H AZ N4209 220V|7892327518381||UN|00|85366910||85|||
|0200|1045|CONTATOR SIBRATEC 50A 20CV 1NA1NF 220V|||UN|00|85364900||85|||
|0200|1055|CABO PP HEPR 4X6MM2 1KV|||MT|00|85444900||85|||
|0200|107|*ELETRODUTO GALV LEVE  R3/4X3M PAR0,5MM|||UN|00|72103090||72||18,00|
|0200|1082|SONDA PLASTICA 10M C/ ALMA ACO|||UN|00|73121090||73||18,00|
|0200|1142|*MANGUEIRA COR NORMATIZADA LAR 25MM|||MT|00|39173290||39|||
|0200|1180|TOMADA IND 2P+T 16A 6H AZ 3006 220V|7892327518350||UN|00|85366910||85|||
|0200|1213|LUVA COMPRESSAO 35MM2|||UN|00|73269090||73||18,00|
|0200|1214|LUVA COMPRESSAO 50MM2|||UN|00|73269090||73||18,00|
|0200|1233|VENTILADOR PAREDE 50CM 6PAS 150W BIV MET PT|||UN|00|84145190||84|||
|0200|1272|CONDUITE SEAL TUBO GALV. 1/2|||MT|00|83071090||83|||
|0200|129|ELETRODUTO PVC ROSCA 11/2X3M|||UN|00|39172300||39|||
|0200|1291|CONECTOR CABO HASTE GR LATAO CHT1|||UN|00|85472090||85|||
|0200|1305|DISJUNTOR GE DIN TRIPOLAR C  32A|7891140379230||UN|00|85362000||85|||
|0200|1325|PLACA MILL TETO CEGA RED 4POL|||UN|00|39259090||39|||
|0200|1344|PLACA PIALPLUS 4X2 2SD 618506|||UN|00|39259090||39|||
|0200|1347|CANALETA PVC ABERTA 30X30X2000MM|||UN|00|39162000||39|||
|0200|1375|ARRUELA LISA 3/16 POL|||UN|00|76161000||76|||
|0200|1402|BRACO P/ CHUVEIRO LC BRANCO|7896451842152||UN|00|76082090||76|||
|0200|1421|DUTO FLEX CORRUGADO 11/2POL 50MM|||UN|00|39173290||39|||
|0200|1434|Z CABO QUADRUPLEX ALUMINIO 1KV 35MM2|||MT|00|85444900||85|||
|0200|1439|BROCA IRWIN MAD 3 PONTAS 6MM (1/4) IW1788|||UN|00|82075011||82|||
|0200|1455|ESCOVA DE CARVAO BOSCH 022-B (354)|||UN|00|85452000||85||18,00|
|0200|146|CORDAO PARALELO 2X1,5MM2 300V BRANCO|||MT|00|85444900||85|||
|0200|1464|ESCOVA DE CARVAO BOSCH 0151 (401)|||UN|00|85452000||85||18,00|
|0200|151|CABO FLEXIVEL  1,5MM2 750V PT|||MT|00|85444900||85|||
|0200|152|CABO FLEXIVEL  2,5MM2 750V PT|||MT|00|85444900||85|||
|0200|153|CABO FLEXIVEL 4,0MM2 750V PT|||MT|00|85444900||85|||
|0200|1535|CADEADO STAM/LAND 20MM|7893858000079||UN|00|83011000||83||18,00|
|0200|1539|FITA ISOLANTE SCOTCH AF 10MT 23BR|7891040014149||UN|00|39191020||39|||
|0200|154|CABO FLEXIVEL  6,0MM2 750V PT|||MT|00|85444900||85|||
|0200|1548|QUADRO COMANDO 500X400X200MM|||UN|00|85381000||85|||
|0200|156|CABO FLEXIVEL 10,0MM2 750V PT|||MT|00|85444900||85|||
|0200|1563|LUMINARIA EMERG. 60 LEDS BIV|||UN|00|94051110||94|||
|0200|157|CABO FLEXIVEL 16,0MM2 750V PT|||MT|00|85444900||85|||
|0200|1573|TINTA SPRAY PRETO FOSCO 300ML|||UN|00|32082019||32|||
|0200|1608|CONECTOR TORCAO 2,5MM2 LARANJA|||UN|00|85472090||85|||
|0200|1630|REBITE REPUXO 312|||UN|00|76161000||76|||
|0200|1656|CONDULETE AL MONTAVEL S/ PL 3/4 X 56200/072|7891435060607||UN|00|76090000||76|||
|0200|1658|QUADRO COMANDO 300X200X200MM|||UN|00|85381000||85||18,00|
|0200|1693|EXTENSAO C/ GRADE C/ PINO 5MTS|||UN|00|85444200||85|||
|0200|171|CAIXA FERRO FMD|||UN|00|73269090||73||18,00|
|0200|1712|CHAVE MG ALAV CS301D MON 6A 250V|||UN|00|85365090||85|||
|0200|1719|PINO T 3 SAIDAS NORMATIZADO|||UN|00|85366990||85|||
|0200|1736|LUVA COMPRESSAO 70MM2|||UN|00|73269090||73||18,00|
|0200|1742|GRAMPO U VERGALHAO GALV. 1|||UN|00|73269090||73|||
|0200|175|PORTEIRO ELET HDL F8NTL-AZ01|7898314175810||UN|00|85171830||85|||
|0200|176|RESISTENCIA LC MAXIDUCHA 4600W 127V 055|7896451800442||UN|00|85168010||85|||
|0200|177|RESISTENCIA LC MAXIDUCHA 5500W 127V 055J|7896451800459||UN|00|85168010||85|||
|0200|1772|ABRACADEIRA ROSCA S/ FIM 5/8X3/4|||UN|00|73269090||73|||
|0200|1813|CONTROLE VENT. PAREDE EXT|||UN|00|85437099||85||18,00|
|0200|190|PROTETOR CLAMPER DIN SLIM 45KA 275V RURAL|7897348039853||UN|00|85362000||85|||
|0200|1915|DUCHA LC BELLA DUCHA 4T BC 5500/6800W 127V|7896451844842||UN|00|85161000||85|||
|0200|1925|RESISTENCIA LC BD4T/FAS 6800W 220V 3056A|||UN|00|85168010||85|||
|0200|1932|DUTO FLEX CORRUGADO 2POL 63MM|||MT|00|39173290||39|||
|0200|1938|TERMINAL PINO 0,5-1,5MM2 VM|||UN|00|85369090||85|||
|0200|1940|TERMINAL ANEL 1,0-2,5MM2 F.8MM AZ|||UN|00|85369090||85|||
|0200|1943|SENSOR PRES QT PAR EMB 4X2 BIV QI6M|||UN|00|85365090||85|||
|0200|1946|SENSOR PRES QT PAR SOB BIV EXT QA26M|||UN|00|85365090||85|||
|0200|1959|TERMINAL TUBULAR LONGO 35MM VM/BG|||UN|00|85369090||85|||
|0200|1962|TERMINAL TUBULAR LONGO 16MM AZ|||UN|00|85369090||85|||
|0200|1966|TOMADA PIALPLUS MOD 3P 20A 250V 615060|||UN|00|85366910||85|||
|0200|1974|CAIXA VERSATIL SOB. P/ DISJ C/ TOMADA PB|7891128029157||UN|00|85365090||85|||
|0200|2004|Z * ALCA PRE-FORMADA P/ CABO 25MM2 (SUBGRUPO|||UN|00|73262000||73||18,00|
|0200|2006|TOMADA PIALPLUS MOD 3P 10A 250V 615040|||UN|00|85366910||85|||
|0200|2035|FITA ISOLANTE 20M 3M IMPERIAL|||UN|00|39191020||39|||
|0200|2053|Z REFLETOR P/ GLOBO ESPEL. LAMP. DIC.|||UN|00|94051110||94|||
|0200|2062|MANGUEIRA CORRUGADA NORMATIZADA AM 25MM|||MT|00|39173290||39|||
|0200|2063|CABO FLEXIVEL  1,5MM2 750V AZ|||MT|00|85444900||85|||
|0200|2066|CABO FLEXIVEL  1,5MM2 750V VM|||MT|00|85444900||85|||
|0200|2068|CABO FLEXIVEL  2,5MM2 750V AZ|||MT|00|85444900||85|||
|0200|2069|CABO FLEXIVEL  2,5MM2 750V VD|||MT|00|85444900||85|||
|0200|207|PRENSA CABO PVC 1/2 (6-12MM)|||UN|00|39174090||39|||
|0200|2070|CABO FLEXIVEL  2,5MM2 750V AM|||MT|00|85444900||85|||
|0200|2071|CABO FLEXIVEL  2,5MM2 750V VM|||MT|00|85444900||85|||
|0200|2072|CABO FLEXIVEL  2,5MM2 750V BR|||MT|00|85444900||85|||
|0200|2074|CABO FLEXIVEL  4,0MM2 750V VD|||MT|00|85444900||85|||
|0200|2076|CABO FLEXIVEL  4,0MM2 750V VM|||MT|00|85444900||85|||
|0200|2078|CABO FLEXIVEL  6,0MM2 750V AZ|||MT|00|85444900||85|||
|0200|2079|CABO FLEXIVEL  6,0MM2 750V VD|||MT|00|85444900||85|||
|0200|2081|CABO FLEXIVEL  6,0MM2 750V VM|||MT|00|85444900||85|||
|0200|2084|CABO FLEXIVEL 10,0MM2 750V VD|||MT|00|85444900||85|||
|0200|2085|CABO FLEXIVEL 16,00MM2 750V AZ|||MT|00|85444900||85|||
|0200|2086|CABO FLEXIVEL 16,0MM2 750V VD|||MT|00|85444900||85|||
|0200|2089|CABO FLEXIVEL 35,0MM2 750V AZ|||MT|00|85444900||85|||
|0200|209|PROTETOR CLAMPER DIN SLIM 20KA 275V CIDADE|||UN|00|85362000||85|||
|0200|21|MATA JUNTA COT. 90G 20X10MM 57300/041|7891128126559||UN|00|39259090||39|||
|0200|211|TAMPAO ALUMINIO 102MM|||UN|00|76169900||76||18,00|
|0200|2112|CORDAO PARALELO 2X0,75MM2 300V MARROM|||MT|00|85444900||85|||
|0200|2113|CORDAO PARALELO 2X1,5MM2 300V MARROM|||MT|00|85444900||85|||
|0200|2114|CORDAO PARALELO 2X2,5MM2 300V MARROM|||MT|00|85444900||85|||
|0200|2116|CABO SINTENAX FLEX. 10,0MM2 1KV AZ|||MT|00|85444900||85|||
|0200|2118|CABO SINTENAX FLEX. 25,0MM2 1KV AZ|||MT|00|85444900||85|||
|0200|213|TERMINAL TUBULAR CURTO 10MM VM ATE 18MM|||UN|00|85369090||85|||
|0200|2131|FITA ISOLANTE 10MT AZUL|7898105770255||UN|00|39191020||39|||
|0200|2132|FITA ISOLANTE 10MT VERDE|7898105770316||UN|00|39191020||39|||
|0200|2137|ABRACADEIRA NYLON 280X4,6T50 PRETA|||UN|00|39269090||39|||
|0200|214|TERMINAL TUBULAR CURTO 16MM AZ ATE 17MM|||UN|00|85369090||85|||
|0200|2141|PARAFUSO AUTO BROCANTE 6,3X3/4|||UN|00|73181400||73|||
|0200|2153|GRAMPO ISOLADO MIGUELAO C/ 15 MR|||UN|00|73269090||73||18,00|
|0200|2158|TERMINAL PINO MACICO 50MM2|||UN|00|85369090||85|||
|0200|2178|MANGUEIRA CORRUGADA NORMATIZADA AM 20MM|||MT|00|39173290||39|||
|0200|22|MATA JUNTA COT. EXT. 20X10MM|7891435041347||UN|00|39259090||39|||
|0200|2204|CAIXA PVC TRAM SOB P/ 1 SECAO LIZ 57303/001|7891435052190||UN|00|39259090||39|||
|0200|2222|MANGUEIRA GAS MULTIUSO 3/8X3,6MM|||MT|00|39173900||39||18,00|
|0200|2278|BOTAO COMANDO MAN CURTO 1-0-2 FIXO|||UN|00|85365090||85|||
|0200|2280|EXTENSAO FONE ESPIRAL 2M|||UN|00|85444200||85|||
|0200|2289|SOQUETE LC 1560 C/ RABICHO E-27|||UN|00|85366100||85|||
|0200|2290|LUMINARIA EMERG LED 2W 30 LEDS BIV|||UN|00|94051190||94|||
|0200|2296|CHAVE PHILIPS TRAM ISOLADA  1/4X6 (6X150MM)|||UN|00|82054000||82|||
|0200|231|TERMINAL ANEL 4-6MM2 F.5MM AM|||UN|00|85369090||85|||
|0200|235|TERMINAL PINO 1,0-2,5MM2 AZ|||UN|00|85369090||85|||
|0200|236|TERMINAL PINO 4-6,0MM2 AM|||UN|00|85369090||85|||
|0200|237|TERMINAL TUBULAR CURTO  6MM AM/VD|||UN|00|85369090||85|||
|0200|2386|HASTE COBREADA BC 1/2 X 2,4MT|||UN|00|72149990||72||18,00|
|0200|2398|GARRA JACARE C/ ISOL. 155/165MM 300/600A C/2|||UN|00|85369090||85|||
|0200|2447|CONECTOR DERIV. PERF. 10-95/1,5-10MM2 CDP70|||UN|00|85472090||85|||
|0200|2466|PARAFUSO PH MAD CAB CH BICROM 3,5 X 30|||UN|00|73181200||73|||
|0200|2472|CAIXA PVC TRAM SOB P/ 3 SECOES LIZ 57303/003|||UN|00|39259090||39|||
|0200|2521|PARA-RAIO FRANKLIN 4 PONTOS TEL 032|||UN|00|85354090||85|||
|0200|2583|MANGUEIRA CORRUGADA NORMATIZADA AM 32MM|||MT|00|39173290||39|||
|0200|2599|GRAMPO U VERGALHAO GALV. 3/4|||UN|00|73269090||73|||
|0200|261|FITA ISOLANTE SCOTCH 20M 33|7891040004416||UN|00|39191020||39|||
|0200|262|FITA VEDA ROSCA 18MMX10M|||UN|00|39209990||39|||
|0200|2646|QUADRO DIST CEMAR 24/34CH+G S/B EMB 904363BG|||UN|00|85381000||85|||
|0200|2648|KIT BAR CEMAR P/ 34CH DIN TRIF 100A 904383|||UN|00|85444200||85|||
|0200|2762|PARAFUSO C. LENTILHA 3/16X3/4 OU 1/2`|||UN|00|73181500||73|||
|0200|2763|PORCA SEXTAVADA POLIDA 3/16`|||UN|00|73181600||73|||
|0200|2834|TAMPAO CEMIG ZC PAS 98X86CM|||UN|00|73251000||73|||
|0200|2855|CANALETA PVC 20X10X2000MM C/ ADESIVO|||UN|00|39162000||39|||
|0200|286|PLACA PISO INOX 4X2 P/1 TOMADA PB|||UN|00|39259090||39|||
|0200|2864|Z CONTATOR WEG CWM65 65A 1NA1NF 220V|||UN|00|85364900||85|||
|0200|2867|RESISTENCIA LC ADV./TOPJET ELET 5500W 127V 30|7896451849908||UN|00|85168010||85|||
|0200|2877|TAMPAO CEMIG ZA PAS 25X25CM|||UN|00|73251000||73|||
|0200|2921|ESCADA ALUMINIO EXTENSIVEL 2X12 DEGRAUS|||UN|00|76169900||76||18,00|
|0200|300|ROLDANA 72X72 PORC.|||UN|00|69141000||69|||
|0200|3043|VARAL STICK PRATICK / PRATICO 30M|7898241334175||UN|00|73239900||73||18,00|
|0200|3053|PINO 2P MACHO 10A 250V PRETO|||UN|00|85366990||85|||
|0200|3061|FERRO SOLDA FAME 70W 220V|||UN|00|85151100||85||18,00|
|0200|311|SOQUETE FLUOR. C/ RABICHO|||UN|00|85366100||85|||
|0200|316|Z SUPORTE SPD2|||UN|00|85366990||85|||
|0200|317|Z SUPORTE SPD3|||UN|00|85366990||85|||
|0200|3224|PINO 2P MACHO GIGANTE 10A 250V PRETO|||UN|00|85366990||85|||
|0200|3241|CABO COAXIAL 750OMHS SKY RG06 60% MALHA|||MT|00|85442000||85|||
|0200|3242|CONECTOR CABO COAXIAL SKY PRESSAO|||UN|00|85472090||85|||
|0200|328|ABRACADEIRA NYLON 280X4,6 T50 BRANCA|||UN|00|39269090||39|||
|0200|329|ABRACADEIRA GALV D CUNHA   1|||UN|00|73269090||73|||
|0200|331|ABRACADEIRA GALV D CUNHA 3/4|||UN|00|73269090||73|||
|0200|3376|DISCO CORTE FINO 2T 4.1/2X1|||UN|00|68042111||68|||
|0200|338|*BRACO P/ CHUVEIRO AL 40CM|||UN|00|76082090||76||18,00|
|0200|3382|DISJUNTOR GE DIN MONOPOLAR C 20A|||UN|00|85362000||85|||
|0200|3422|PENTE BARRAMENTO BIP 12P|||UN|00|85444900||85|||
|0200|3423|PENTE BARRAMENTO TRIP 12P|||UN|00|96151100||96|||
|0200|3432|CANALETA PVC SCH 20X12X200MM C/ ADESIVO|||UN|00|39162000||39|||
|0200|3433|CANALETA PVC SCH 13X7X2000MM C/ ADESIVO|||UN|00|39162000||39|||
|0200|345|CAMPAINHA CIGARRA EMB. 127V|||UN|00|85318000||85|||
|0200|3490|CABO FLEX RL 100M 1,5MM2 750V AM|||RL|00|85444900||85|||
|0200|3491|CABO FLEX RL 100M 1,5MM2 750V AZ|||RL|00|85444900||85|||
|0200|3493|CABO FLEX RL 100M 1,5MM2 750V PT|||RL|00|85444900||85|||
|0200|3495|CABO FLEX RL 100M 1,5MM2 750V VM|||RL|00|85444900||85|||
|0200|3497|CABO FLEX RL 100M 2,5MM2 750V AZ|||RL|00|85444900||85|||
|0200|3499|CABO FLEX RL 100M 2,5MM2 750V PT|||RL|00|85444900||85|||
|0200|350|*ALCA PRE-FORMADA P/ CABO 16MM2|||UN|00|76169900||76||18,00|
|0200|3500|CABO FLEX RL 100M 2,5MM2 750V VD|||RL|00|85444900||85|||
|0200|3501|CABO FLEX RL 100M 2,5MM2 750V VM|||RL|00|85444900||85|||
|0200|3503|CABO FLEX RL 100M 4,0MM2 750V AZ|||RL|00|85444900||85|||
|0200|3505|CABO FLEX RL 100M 4,0MM2 750V PT|||RL|00|85444900||85|||
|0200|3511|CABO FLEX RL 100M 6,0MM2 750V PT|||RL|00|85444900||85|||
|0200|3514|REFLETOR LED  6500K  10W BIV IP65|||UN|00|94054100||94|||
|0200|3521|DISJUNTOR GE DIN BIPOLAR C  63A|||UN|00|85362000||85|||
|0200|3531|LAMPADA LED TUBE 6500K 18A20W T8 BIV 120CM|||UN|00|85395100||85|||
|0200|3562|DISJUNTOR GE DIN BIPOLAR C  32A|||UN|00|85362000||85|||
|0200|3590|MANGUEIRA COR NORM LAR 32MM|||MT|00|39173290||39|||
|0200|3591|*CAIXA PVC KRONA AMARELA FM|||UN|00|39259090||39|||
|0200|3592|PROLONGADOR KRONA CAIXA PVC AMARELA FM|||UN|00|39259090||39|||
|0200|3594|CAIXA PVC KRONA/TRAM AMARELA 4X4|||UN|00|39259090||39|||
|0200|3608|CONECTOR P/ PENTE BARRAMENTO 6 A 25MM2|||UN|00|85472090||85|||
|0200|3620|DISJUNTOR GE DIN BIPOLAR C  50A|||UN|00|85362000||85|||
|0200|3621|DISJUNTOR GE DIN BIPOLAR C  40A|||UN|00|85362000||85|||
|0200|3624|DISJUNTOR GE DIN MONOPOLAR C 16A|||UN|00|85362000||85|||
|0200|3635|ESTILETE PROF. EMBORRACHADO|||UN|00|82119390||82|||
|0200|3672|DISJUNTOR GE DIN MONOPOLAR C 10A|||UN|00|85362000||85|||
|0200|3673|DISJUNTOR GE DIN MONOPOLAR C 32A|||UN|00|85362000||85|||
|0200|3683|RELE FOTOC ELETRONICO CORUJITO  BIV|||UN|00|85364900||85|||
|0200|3717|REFLETOR LED  6500K  20W BIV IP65|||UN|00|94054100||94|||
|0200|3718|REFLETOR LED  6500K  30W BIV IP65|||UN|00|94054090||94|||
|0200|3741|RELE FOTOC ELETRONICO 1000W 220V|||UN|00|85364900||85|||
|0200|3752|REFLETOR LED  6500K  50W BIV IP65|||UN|00|94051990||94|||
|0200|3770|Z ARRUELA LISA 3/8|||UN|00|76161000||76|||
|0200|3776|CABO FLEXIVEL 50,0MM2 750V AZ|||MT|00|85444900||85|||
|0200|3786|DISJUNTOR SOP MONOPOLAR DIN C 10A|7892327521749||UN|00|85362000||85|||
|0200|3789|DISJUNTOR SOP MONOPOLAR DIN C 16A|7892327521756||UN|00|85362000||85|||
|0200|3794|DISJUNTOR SOP MONOPOLAR DIN C 25A|7892327521770||UN|00|85362000||85|||
|0200|3795|DISJUNTOR SOP BIPOLAR DIN C 25A|7892327521862||UN|00|85362000||85|||
|0200|3797|DISJUNTOR SOP MONOPOLAR DIN C 32A|7892327521787||UN|00|85362000||85|||
|0200|3798|DISJUNTOR SOP BIPOLAR DIN C 32A|7892327521879||UN|00|85362000||85|||
|0200|3800|DISJUNTOR SOP MONOPOLAR DIN C 40A|7892327521794||UN|00|85362000||85|||
|0200|3801|DISJUNTOR SOP BIPOLAR DIN C 40A|7892327521886||UN|00|85362000||85|||
|0200|3804|DISJUNTOR SOP BIPOLAR DIN C 50A|7892327521893||UN|00|85362000||85|||
|0200|3807|DISJUNTOR SOP BIPOLAR DIN C 63A|7892327521909||UN|00|85362000||85|||
|0200|3842|LAMPADA LED TUBE 4000K 18W T8 BIV 120CM|||UN|00|85395200||85|||
|0200|3873|PLACA P/COND. AL LIZ 1/2 - 3/4 1 MOD. VERT 56|7891435062571||UN|00|39259090||39|||
|0200|3874|INTERRUPTOR LIZ MODULO BR SIMPLES 10A 5711501|7891435042795||UN|00|85365090||85|||
|0200|3875|TOMADA LIZ MODULO BR 3PB 10A 250V 57115/030|7891435064131||UN|00|85366910||85|||
|0200|3876|TOMADA LIZ MODULO BR 3PB 20A 250V 57115/038|7891435046250||UN|00|85366910||85|||
|0200|3889|PLACA LIZ BR 4X2 2SD 57106/206|7891435924541||UN|00|39259090||39|||
|0200|3890|PLACA LIZ BR 4X2 3S 57106/007|7891435043204||UN|00|39259090||39|||
|0200|3891|PLACA LIZ BR 4X2 CEGA 57106/001|7891435924510||UN|00|39259090||39|||
|0200|3892|PLACA LIZ BR 4X4 1S+1S 57106/023|7891435047547||UN|00|39259090||39|||
|0200|3899|INTERRUPTOR LIZ MODULO BR BIP 10A 250V 571150|||UN|00|85365090||85|||
|0200|3902|TOMADA LIZ MODULO BR CAT5E RJ45 57115056|7891435056907||UN|00|85366910||85|||
|0200|3903|PLACA LIZ BR 4X2 1S HOR 57106/204|7891435924534||UN|00|39259090||39|||
|0200|3904|INTERRUPTOR LIZ MODULO BR PARAL 10A 57115002|7891435042801||UN|00|85365090||85|||
|0200|3905|INTERRUPTOR LIZ C/PL BR SIMPLES 6A 57170/201|7891435924626||UN|00|85365090||85|||
|0200|3906|TOMADA LIZ C/PL BR 3PB 10A 250V 57170210|||UN|00|85366910||85|||
|0200|3983|LUMINARIA LED 6000K QUAD SOB  6W BIV 12CM|||UN|00|94051990||94|||
|0200|3985|LUMINARIA LED 6000K QUAD SOB 12W BIV 17CM|||UN|00|94051990||94|||
|0200|3986|LUMINARIA LED 6000K QUAD EMB 18W BIV 22CM|7897013558870||UN|00|94051990||94|||
|0200|3987|LUMINARIA LED 6000K QUAD SOB 18/20W BIV 22CM|||UN|00|94051190||94|||
|0200|3993|LAMPADA LED 6500K 7W BIV E27|7896619427009||UN|00|85395100||85|||
|0200|4|ABRACADEIRA GALV TIPO U    1/2|||UN|00|73269090||73|||
|0200|4011|LAMPADA LED 6500K 15W BIV E27|||UN|00|85395200||85|||
|0200|4079|RELE FOTOC ELETRONICO MARGIRIUS 1000W BIV 119|||UN|00|85364900||85|||
|0200|4081|CHAVE MG ALAV 14223 BIP LIG/DES 15A 250V|||UN|00|85365090||85|||
|0200|4126|*CAIXA CEMIG CM14 POLIF V. PUBLICA|||UN|00|73269090||73||18,00|
|0200|4146|FILTRO LINHA QUALIT 10 TOMADAS|7898246050285||UN|00|85364900||85|||
|0200|4174|CONECTOR PORC BIP 16MM|||UN|00|85472090||85|||
|0200|4182|LAMPADA LED TUBE 6500K 8A10W T8 BIV 60CM|||UN|00|85395200||85|||
|0200|4184|LAMPADA LED 3000K  6A7W BIV E27|||UN|00|85395100||85|||
|0200|4186|LAMPADA LED 6500K 9W BIV E27|||UN|00|85395100||85|||
|0200|4195|LUMINARIA LED 6000K QUAD EMB 24W BIV 30CM|||UN|00|94051190||94|||
|0200|4196|LUMINARIA LED 6000K QUAD SOB 24W BIV 30CM|||UN|00|94051110||94|||
|0200|4216|SUPORTE MULTIV TV MOV STPAECO 14-56POL|7896643434608||UN|00|73269090||73||18,00|
|0200|4248|ESPETO JARDIM LED AM 3000K BIV|||UN|00|94054100||94|||
|0200|4333|LAMPADA LED INDUST 20W BIV 6500K E27|7899825506117||UN|00|85395100||85|||
|0200|4334|LAMPADA LED INDUST 40W BIV 6500K E27|||UN|00|85395100||85|||
|0200|4335|LAMPADA LED INDUST 30W BIV 6500K E27|||UN|00|85395100||85|||
|0200|4369|ANTENA TV EXT SINAL DIGITAL|||UN|00|85269100||85|||
|0200|4398|LAMPADA LED INDUST 50W BIV 6500K E27|||UN|00|94051190||94|||
|0200|4417|*QUADRO DIST TIGRE NOVO PVC EMB. 27/36CH|||UN|00|85381000||85||18,00|
|0200|4466|REFLETOR LED 3000K  30W BIV|||UN|00|94054200||94|||
|0200|4508|DUCHA SINTEX 3T 5500W 220V|||UN|00|85161000||85|||
|0200|4556|FITA ISOLANTE SCOTCH  5M 33+|7891040004386||UN|00|39191020||39|||
|0200|4563|REFLETOR LED  6500K 100W BIV IP65|||UN|00|94054200||94|||
|0200|46|TOMADA PISO 3P PB 20A 250V S/ HASTE|||UN|00|85366910||85|||
|0200|461|FERRO SOLDA 60W 127V|||UN|00|85151100||85||18,00|
|0200|466|FITA ISOLANTE 20MT|||UN|00|39191020||39|||
|0200|469|CONECTOR PVC 10MM2|||UN|00|85472090||85|||
|0200|4690|LUMINARIA LED SLIM SOB  60CM 6400K BIV|||UN|00|94051990||94|||
|0200|4693|LAMPADA LED TUBE 3000K 18W T8 BIV 120CM|||UN|00|85395100||85|||
|0200|470|CONECTOR PVC  6MM2|||UN|00|85472090||85|||
|0200|4729|ABRACADEIRA NYLON 370 A 400X7,6 T120 PRETA|||UN|00|39269090||39|||
|0200|4903|TRANSFORMADOR 10.000VA BIV|||UN|00|85043111||85|||
|0200|4921|CABO PP 2X1,00MM2 750V|||MT|00|85444900||85|||
|0200|494|SOQUETE LC 1451 E-27 PORC.|||UN|00|85366100||85|||
|0200|4979|PARAFUSO PH MAD CAB CH BICROM 5,0 X 50|||UN|00|73181200||73|||
|0200|5028|DISJUNTOR SOP BIPOLAR DIN C  6A|7892327521824||UN|00|85362000||85|||
|0200|5041|CABO FLEXIVEL 10,0MM2 750V VM|||MT|00|85444900||85|||
|0200|5042|CABO FLEXIVEL 16,0MM2 750V BR|||MT|00|85444900||85|||
|0200|5043|CABO FLEXIVEL 16,0MM2 750V VM|||MT|00|85444900||85|||
|0200|5059|LAMPADA LED 3000K 9A10W BIV E27|||UN|00|85395100||85|||
|0200|5099|TOMADA LIZ MODULO VERM 3PB 20A 250V 57115/033|7891435050370||UN|00|85366910||85|||
|0200|5100|CAIXA PVC TRAM SOB P/ 2 SECOES LIZ|7891435052206||UN|00|39259090||39|||
|0200|5202|PARAFUSAD/FURAD BOSCH GSR714 400W 127V C/FIO|||UN|00|84672992||84|||
|0200|522|CONECTOR CABO ATERRAMENTO 5/8|||UN|00|85287111||85|||
|0200|528|CHAVE BOIA AUTOM. ANAU/SOPR 16A INF/SUP|||UN|00|90328989||90||18,00|
|0200|529|DUCHA LC MAXIDUCHA 5500W 127V|7896451824783||UN|00|85161000||85|||
|0200|5366|SPOT LED BR QUAD DIR EMB 5W BIV 3000K|||UN|00|85366100||85|||
|0200|5367|SPOT LED QUAD DIR EMB 5W BIV 6000K|||UN|00|85366100||85|||
|0200|537|CADEADO PADO 40MM|7891065011635||UN|00|83011000||83||18,00|
|0200|5442|LAMPADA LED TUBE 4000K 10W T8 BIV 60CM|||UN|00|85395100||85|||
|0200|5445|PENDRIVE 8GB|||UN|00|85235190||85||18,00|
|0200|5471|ABRACADEIRA NYLON 540X12,7MM BRANCA|||UN|00|39269090||39|||
|0200|548|PILHA ALCALINA PAL. AAA C/ 2 UNID.|7897013534201||UN|00|85061019||85||18,00|
|0200|549|LAMINA SERRA STARRET 12 18T|||UN|00|82029990||82|||
|0200|5493|REFLETOR LED  6500K 200W BIV IP66|||UN|00|94054200||94|||
|0200|551|CONECTOR BIMETALICO PARAF. FENDIDO 16MM2|||UN|00|84715010||84|||
|0200|5525|ELETRODUTO PVC KRONA ROSCA  11/2X3M|||UN|00|39172300||39|||
|0200|5541|DUCHA LC ACQUA DUO ELET PT/CR 7500W 220V|7896451869951||UN|00|85161000||85|||
|0200|557|CONECTOR LATAO PARAF. FENDIDO 35MM2.|||UN|00|85472090||85|||
|0200|5576|PARAFUSO PH MAD CAB CH BICROM 4,2 X 22|||UN|00|73181200||73|||
|0200|56|#HASTE TERRA CANT. 3/16`` X 2,4M C/ CONEC|||UN|00|76169900||76||18,00|
|0200|562|ARAME GALV. 14AWG|||UN|00|72172090||72|||
|0200|5620|TELEFONE S/FIO C/ IDENT INTELBRAS TS2510/3110|||UN|00|85171100||85|||
|0200|566|TERMINAL COMPRESSAO SIMPLES  50MM2|||UN|00|85369090||85|||
|0200|5661|TOMADA ARIA 3PB 10A 250V C/PL 4X2|7891435932577||UN|00|85366910||85|||
|0200|5662|INTERRUPTOR ARIA SIMPLES 10A 250V C/PL 4X2 57|7891435933581||UN|00|85365090||85|||
|0200|5663|TOMADA ARIA MODULO 3PB 10A  250V 57217/030|7891435932560||UN|00|85366910||85|||
|0200|5664|TOMADA ARIA MODULO 3PB 20A 250V 57217/032|7891435933574||UN|00|85366910||85|||
|0200|5665|INTERRUPTOR ARIA MODULO SIMPLES 10A|7891435933567||UN|00|85365090||85|||
|0200|5666|INTERRUPTOR ARIA MODULO PARALELO 10A|7891435937091||UN|00|94051910||94|||
|0200|5668|INTERRUPTOR ARIA MODULO INTERMEDIARIO 10A|7891435937114||UN|00|85365090||85|||
|0200|567|TERMINAL COMPRESSAO SIMPLES 70MM2|||UN|00|85369090||85|||
|0200|5674|PLACA ARIA 4X2 1S 57203/004|7891435932553||UN|00|39259090||39|||
|0200|5675|PLACA ARIA 4X2 2SD 57203/006|7891435936902||UN|00|39259090||39|||
|0200|5676|PLACA ARIA 4X2 3S|7891435933550||UN|00|39259090||39|||
|0200|5677|PLACA ARIA 4X2 CEGA 57203/001|7891435936810||UN|00|39259090||39|||
|0200|5678|PLACA ARIA 4X2 C/ 1 FURO 57203/002|7891435936834||UN|00|39259090||39|||
|0200|5679|PLACA ARIA 4X4 1S+1S 57203/023|7891435936971||UN|00|39259090||39|||
|0200|5681|PLACA ARIA 4X4 3S+3S 57252/006|7891435937039||UN|00|39259090||39|||
|0200|5682|PLACA ARIA 4X4 CEGA|7891435936933||UN|00|39259090||39|||
|0200|569|TERMINAL LATAO SAPATA 25MM2|||UN|00|85369090||85|||
|0200|57|ARMACAO REX 1L GALV. FOGO|||UN|00|72122010||72||18,00|
|0200|570|TERMINAL LATAO SAPATA 50MM2|||UN|00|85369090||85|||
|0200|5717|DISJUNTOR GE DIN PAD CEMIG 3X100A|||UN|00|85362000||85|||
|0200|5750|CONECTOR W 221 3P 0,5-6MM2 41A|||UN|00|85472090||85|||
|0200|579|CABO SINTENAX FLEX. 10,0MM2 1KV PT|||MT|00|85444900||85|||
|0200|5798|REFLETOR ECO SOLAR 3,6W 600K C/ SENSOR 10H 15|||UN|00|94051110||94|||
|0200|585|CABO PP HEPR 2X2,5MM2 0,6/1,0KV|||MT|00|85444900||85|||
|0200|5855|RELE SOBRECARGA WEG RW27-2D3 11 - 17A|||UN|00|85364900||85|||
|0200|586|CABO PP HEPR 2X4,0MM2 1KV|||MT|00|85444900||85|||
|0200|5870|LUMINARIA LED SLIM SOB 120CM 6500K BIV|||UN|00|94051110||94|||
|0200|591|CABO PP HEPR 4X4,0MM2 1KV|||MT|00|85444900||85|||
|0200|598|TERMINAL TUBULAR CURTO 35MM VM/BG ATE 17MM|||UN|00|85369090||85|||
|0200|6008|BUCHA P/ GESSO 35MM N2|||UN|00|39269090||39|||
|0200|6011|TINTA SPRAY GRAFITE 300ML|||UN|00|32082019||32|||
|0200|6095|PENDENTE SPOTLINE CENTURY PRETO 6XE27 733/6|||UN|00|85366990||85|||
|0200|61|DUCHA HYDRA ND ELET 7700W 220V|||UN|00|85161000||85|||
|0200|6111|BUCHA PLASTICA C/ ANEL N 6|||UN|00|39269090||39|||
|0200|6113|BUCHA PLASTICA C/ ANEL N10|||UN|00|39269090||39|||
|0200|6132|BUCHA PLASTICA C/ ANEL N8|||UN|00|39269090||39|||
|0200|622|BROCA IRWIN ACO RAP 3MM (1/8) IW1112|||UN|00|82075011||82|||
|0200|6229|LIXADEIRA ORBITAL BOSCH GSS140 220W 127V|||UN|00|84659310||84||18,00|
|0200|623|PINO 2P MACHO 10A 250V BR|||UN|00|85366990||85|||
|0200|6268|CORDA SEDA  8MM|||UN|00|56075019||56||18,00|
|0200|6280|SPOT LED PT 3000K BIV P/ TRILHO ELET|||UN|00|94051190||94|||
|0200|6327|FITA ISOLANTE SCOTCH AF 5MT 23BR|||UN|00|40059190||40||18,00|
|0200|6328|FITA LED RIG SAVE 1200MM 1600LM 3000K 12V|||MT|00|85414112||85|||
|0200|6366|LAMPADA LED G9 2,5W 2400K 220V|||UN|00|85395200||85|||
|0200|640|ARCO DE SERRA REGUL. C/ LAMINA|||UN|00|82021000||82|||
|0200|6464|CABO NU COBREADO 35MM2 NBR 5419|||MT|00|74130000||74|||
|0200|647|CAIXA PVC TIGRE PRETA 4X2|||UN|00|39259090||39|||
|0200|6514|LAMPADA LED FIL CARB 4W BIV E27 BALAO GIG|||UN|00|85395100||85|||
|0200|6517|LAMPADA LED FIL CARB 4A6W BIV E27 A60|||UN|00|85395200||85|||
|0200|6537|SENSOR PRES QT PAR SOB BIV QA21M|||UN|00|85365090||85|||
|0200|6554|REFLETOR LUMINATTI  LED SOLO RED 3W 6000K BIV|||UN|00|94054200||94|||
|0200|6567|CAIXA PISO PVC TERRA 22X20 C/ TAMPA|||UN|00|39269090||39||18,00|
|0200|6568|TAMPAO CEMIG ZA PAS 30X30 PVC LCF01/16|||UN|00|39174090||39|||
|0200|6599|BROCA IRWIN MAD CHATA 19MM (3/4) IW14005|||UN|00|82075011||82|||
|0200|6727|CABO NU COBREADO 16MM2 NBR 5419|||MT|00|74130000||74|||
|0200|674|PINO 2P MACHO GIGANTE 10A 250V BR|||UN|00|85366990||85|||
|0200|6753|Z CABO HELP PP 5X25MM2 1KV|||MT|00|85444900||85|||
|0200|692|PLACA P/CONDULETE AL 1/2 - 3/4 CEGA 56114/006|7891435002638||UN|00|39259090||39|||
|0200|7006|LUMINARIA LED 4000K QUAD EMB 18W BIV 22CM|||UN|00|94051990||94|||
|0200|715|DESENGRIPANTE SPRAY 300ML|||UN|00|38249941||38||18,00|
|0200|7166|INTERRUPTOR LIZ MODULO GRAF SIMPLES 10A|||UN|00|85365090||85|||
|0200|73|BROCA IRWIN ACO RAP 4MM (5/32) IW1114|||UN|00|82075011||82|||
|0200|7319|LUMINARIA LED 6000K QUAD EMB 45W BIV 62CM|||UN|00|94051990||94|||
|0200|7326|DISJUNTOR SOP PAD CEMIG DIN C 3X125A|||UN|00|85362000||85|||
|0200|736|CAIXA PVC TIGRE PRETA 4X4|||UN|00|39259090||39|||
|0200|738|*QUADRO DIST TIGRE NOVO PVC EMB.  6CH/8CH BR|||UN|00|85381000||85||18,00|
|0200|741|*LUVA KRONA/TIGRE PRESSAO 25MM|||UN|00|39174090||39|||
|0200|742|*LUVA KRONA PRESSAO 32MM|||UN|00|39174090||39|||
|0200|7486|QUADRO DIST WEG PVC EMB. 24CH QDW02-24-BE|||UN|00|85381000||85||18,00|
|0200|7501|CABO COAXIAL 75OMHS SKY RG06 60% MALHA PT|||MT|00|85444200||85|||
|0200|7514|SPIRALDUTO 1/2 PRETO C/2M|||MT|00|39269090||39|||
|0200|761|INTERRUPTOR PIALPLUS MOD SIMP 611000|||UN|00|85365090||85|||
|0200|7624|BARRAMENTO 8 FUROS NEUTRO AZ P/TRIL|||UN|00|85389090||85|||
|0200|7625|BARRAMENTO 8 FUROS TERRA VD P/TRIL|||UN|00|85389090||85|||
|0200|7630|REFLETOR LED  6500K 100W BIV IP66|||UN|00|94051110||94|||
|0200|7631|REFLETOR LED  6500K  50W BIV IP66|||UN|00|94054200||94|||
|0200|7728|CLAVICULARIO 23 CHAVES 250X200X80|||UN|00|94032000||94||18,00|
|0200|7744|LAMPADA LED OSRAM 6500K 9W BIV|||UN|00|85408990||85|||
|0200|7746|LAMPADA LED TUBE OSRAM 6500K 18A20W|||UN|00|85408990||85|||
|0200|7747|LAMPADA LED TUBE OSRAM 6500K 8A10W|||UN|00|85408990||85|||
|0200|777|*CAIXA PISO CONCRETO 25X25|||UN|00|68109100||68||18,00|
|0200|778|CABO FLEXIVEL 35,0MM2 750V PT|||MT|00|85444900||85|||
|0200|7794|PLACA LIZ BR 4X2 1S VERT 57106/003|||UN|00|39259090||39|||
|0200|7848|Z TORNEIRA PIA 1165 1/4|||UN|00|84818019||84|||
|0200|7863|Z HORIMETRO THOLS HRS667N-90 240VCA-P357|||UN|00|90291090||90|||
|0200|7866|*Z SUPORTE BAP P/ CABO FIBRA OTICA|||UN|00|72122010||72||18,00|
|0200|7867|*Z CABO FIBRA OPTICA DROP 1FO BOB 2,5KM|||UN|00|85447010||85||18,00|
|0200|7868|*Z PARAFUSO CAB AB PCA 12X35 P/ FIB OPTICA|||UN|00|85444900||85||18,00|
|0200|7869|*Z SUPORTE DIELETRICO DUP QUAD P/ F. OPTICA|||UN|00|84799090||84||18,00|
|0200|787|DISJUNTOR GE DIN TRIPOLAR C  40A|||UN|00|85362000||85|||
|0200|7870|*Z FITA ACO FR BAP 02 FP 80CM P/ F. OPTICA|||UN|00|85444900||85||18,00|
|0200|7871|Z QUADRO BR C/ 5 DISPLAY A4 ACRIL|||UN|00|96100000||96||18,00|
|0200|7872|Z LAMPADA LED IND 40W BIV 6500K E40|||UN|00|85395200||85|||
|0200|788|CONTATOR SIBRATEC 40A 15CV 1NA1NF 220V|||UN|00|85364900||85|||
|0200|7895|Z CONTATOR WEG CWM100-22 100A 2NA+2NF 220V|||UN|00|85364900||85|||
|0200|7896|Z CONTATOR WEG CWB80-11 80A 1NA+1NF 220V|||UN|00|85364900||85|||
|0200|7902|Z CASTANHA BRAQUETE GALV P/ FITA ACO 19MM|||UN|00|83089090||83||18,00|
|0200|7903|PARAFUSO SEXT ROSCA 3/16 X 5/8|||UN|00|73181500||73|||
|0200|7905|PORCA SEXTAVADA ZINC 3/16`|||UN|00|73181600||73|||
|0200|7920|LAMPADA RESINA 10W 12V BAND SINAL MINER|||UN|00|85395200||85|||
|0200|803|CONDULETE AL S/ ROSCA S/ PL 3/4 C|7891435029857||UN|00|76169900||76|||
|0200|81|LUVA PVC ROSCA 11/2|||UN|00|39174090||39|||
|0200|829|QUADRO COMANDO 300X300X200MM|||UN|00|85381000||85|||
|0200|836|CABO SINTENAX FLEX. 25,0MM2 1KV PT|||MT|00|85444900||85|||
|0200|841|#TUBO PADRAO 102MM 7M PA5|||UN|00|73030000||73||18,00|
|0200|843|CONDUITE SEAL TUBO GALV. 3/4|||MT|00|83071090||83|||
|0200|862|ARMACAO REX 1L GALV. FOGO  REF.|||UN|00|72122010||72||18,00|
|0200|863|ABRACADEIRA GALV 102MM REF.|||UN|00|73269090||73||18,00|
|0200|866|DISJUNTOR GE DIN TRIPOLAR C  63A|||UN|00|85362000||85|||
|0200|877|DISPOSITIVO DR 4X63A 30MA|7892327511955||UN|00|85362000||85|||
|0200|88|CURVA PVC 90 ROSCA 11/2|||UN|00|39174090||39|||
|0200|885|CONDULETE AL S/ ROSCA S/ PL 1 LR 56105/313|||UN|00|76169900||76||18,00|
|0200|900|CAIXA PVC FMD|||UN|00|39259090||39|||
|0200|915|PLAFON INTELIG E-27 SOQ PORC BR RED 100W|7898587732956||UN|00|94051110||94|||
|0200|93|CURVA PVC TIPO S ROSCA  11/4|||UN|00|39174090||39|||
|0200|936|PINO IND 3P+T 32A 9H AZ 4279 220V|7892327518220||UN|00|85366990||85|||
|0200|94|CURVA PVC TIPO S ROSCA 11/2|||UN|00|39174090||39|||
|0200|943|UNIDUT ALUMINIO CONICO 3/4|||UN|00|76090000||76|||
|0200|99|BUCHA PVC RED. ROSCA 2X11/2|||UN|00|39174090||39|||
|0200|996|CABO FLEXIVEL 50,0MM2 750V PT|||MT|00|85444900||85|||
|0200|997|TERMINAL TUBULAR CURTO 50MM AZ|||UN|00|85369090||85|||
|0450|000001|NAO ACEITAMOS TROCA/DEVOLUCAO DE PROD. CORTADOS SOB MEDIDA,F|
|0450|000002|NAO NOS RESPONSABILIZAMOS POR INSTALACOES ELETRICA|
|0450|000003|S FEITAS POR PESSOAS NAO HABILITADAS, NAO ACEITAMO|
|0450|000004|S TROCA OU DEVOLUCAO DE RETALHOS DE FIOS, CABOS, M|
|0450|000005|ANGUEIRAS, MERCADORIAS VENDIDAS SOB MEDIDA.|
|0450|000006|Recebi a mercadoria e reconheco a divida:|
|0450|000007|A.F N° 000190|
|0450|000008|MATERIAL PARA ESCOLA DO ROSARIO EM BARAO DE COCAIS|
|0450|000009|NOTA DE REFERENCIA 297448 Serie 1|
|0450|000010|NOTA DE REFERENCIA 17227367 SERIE 1 DE 25/06/2022 VL 1012,18|
|0450|000011|PEDIDO DE COMPRA N°010368|
|0450|000012|PEDIDO DE COMPRA N°010391|
|0450|000013|NOTA DE REFERENCIA 298552 Serie 1|
|0450|000014|PEDIDO DE COMPRA N° 010399|
|0450|000015|PEDIDO DE COMPRA N°010400|
|0450|000016|PEDIDO DE COMPRA N° 010401|
|0450|000017|PEDIDO DE COMPRA N°010402|
|0990|499|
|A001|1|
|A990|2|
|C001|0|
|C010|41132335000140|2|
|C100|1|0||65|00|001|9530|31220741132335000140650010000095301372343676|01072022|01072022|609,07|0|0,00||609,07|9|0,00|0,00|0,00|236,62|42,58||||3,97|18,24|0,00|0,00|
|C110|000001||
|C110|000002||
|C110|000003||
|C110|000004||
|C110|000005||
|C175|5102|473,92|0,00|01|473,92|0,6500|||3,08|01|473,92|3,0000|||14,19|||
|C175|5405|135,15|0,00|01|135,15|0,6500|||0,89|01|135,15|3,0000|||4,05|||
|C100|1|0||65|00|001|9531|31220741132335000140650010000095311392631933|01072022|01072022|264,50|0|0,00||264,50|9|0,00|0,00|0,00|60,48|10,88||||1,72|7,95|0,00|0,00|
|C110|000001||
|C110|000002||
|C110|000003||
|C110|000004||
|C110|000005||
|C175|5102|155,52|0,00|01|155,52|0,6500|||1,01|01|155,52|3,0000|||4,67|||
|C175|5405|108,98|0,00|01|108,98|0,6500|||0,71|01|108,98|3,0000|||3,28|||
|C100|1|0||65|00|001|9532|31220741132335000140650010000095321412920193|01072022|01072022|110,00|0|0,00||110,00|9|0,00|0,00|0,00|0,00|0,00||||0,72|3,32|0,00|0,00|
|C110|000001||
|C110|000002||
|C110|000003||
|C110|000004||
|C110|000005||
|C175|5405|110,00|0,00|01|110,00|0,6500|||0,72|01|110,00|3,0000|||3,32|||
|C100|1|0||65|00|001|9533|31220741132335000140650010000095331433208457|01072022|01072022|28,88|1|0,00||28,88|9|0,00|0,00|0,00|13,20|2,38||||0,19|0,88|0,00|0,00|
|C110|000001||
|C110|000002||
|C110|000003||
|C110|000004||
|C110|000005||
|C175|5102|13,20|0,00|01|13,20|0,6500|||0,09|01|13,20|3,0000|||0,40|||
|C175|5405|15,68|0,00|01|15,68|0,6500|||0,10|01|15,68|3,0000|||0,48|||
|C100|1|0||65|00|001|9534|31220741132335000140650010000095341453496714|01072022|01072022|41,69|1|0,00||41,69|9|0,00|0,00|0,00|0,00|0,00||||0,28|1,25|0,00|0,00|
|C110|000001||
|C110|000002||
|C110|000003||
|C110|000004||
|C110|000005||
|C175|5405|41,69|0,00|01|41,69|0,6500|||0,28|01|41,69|3,0000|||1,25|||
|C100|1|0||65|00|001|9535|31220741132335000140650010000095351473784984|01072022|01072022|58,38|1|0,00||58,38|9|0,00|0,00|0,00|0,00|0,00||||0,37|1,76|0,00|0,00|
|C110|000001||
|C110|000002||
|C110|000003||
|C110|000004||
|C110|000005||
|C175|5405|58,38|0,00|01|58,38|0,6500|||0,37|01|58,38|3,0000|||1,76|||
|C100|1|0||65|00|001|9536|31220741132335000140650010000095361494073243|01072022|01072022|290,00|0|0,00||290,00|9|0,00|0,00|0,00|0,00|0,00||||1,88|8,70|0,00|0,00|
|C110|000001||
|C110|000002||
|C110|000003||
|C110|000004||
|C110|000005||
|C175|5405|290,00|0,00|01|290,00|0,6500|||1,88|01|290,00|3,0000|||8,70|||
|C100|1|0||65|00|001|9537|31220741132335000140650010000095371514361505|01072022|01072022|40,06|1|0,00||40,06|9|0,00|0,00|0,00|15,00|2,71||||0,26|1,20|0,00|0,00|
|C110|000001||
|C110|000002||
|C110|000003||
|C110|000004||
|C110|000005||
|C175|5102|15,00|0,00|01|15,00|0,6500|||0,10|01|15,00|3,0000|||0,45|||
|C175|5405|25,06|0,00|01|25,06|0,6500|||0,16|01|25,06|3,0000|||0,75|||
|C100|1|0||65|00|001|9538|31220741132335000140650010000095381534649765|01072022|01072022|25,63|1|0,00||25,63|9|0,00|0,00|0,00|0,00|0,00||||0,16|0,79|0,00|0,00|
|C110|000001||
|C110|000002||
|C110|000003||
|C110|000004||
|C110|000005||
|C175|5405|25,63|0,00|01|25,63|0,6500|||0,16|01|25,63|3,0000|||0,79|||
|C100|1|0||65|00|001|9539|31220741132335000140650010000095391554938026|01072022|01072022|25,59|1|0,00||25,59|9|0,00|0,00|0,00|0,00|0,00||||0,16|0,78|0,00|0,00|
|C110|000001||
|C110|000002||
|C110|000003||
|C110|000004||
|C110|000005||
|C175|5405|25,59|0,00|01|25,59|0,6500|||0,16|01|25,59|3,0000|||0,78|||
|C100|1|0||65|00|001|9540|31220741132335000140650010000095401575226280|01072022|01072022|5,05|1|0,00||5,05|9|0,00|0,00|0,00|0,00|0,00||||0,03|0,15|0,00|0,00|
|C110|000001||
|C110|000002||
|C110|000003||
|C110|000004||
|C110|000005||
|C175|5405|5,05|0,00|01|5,05|0,6500|||0,03|01|5,05|3,0000|||0,15|||
|C100|1|0||65|00|001|9541|31220741132335000140650010000095411595514547|01072022|01072022|5,57|1|0,00||5,57|9|0,00|0,00|0,00|0,00|0,00||||0,03|0,17|0,00|0,00|
|C110|000001||
|C110|000002||
|C110|000003||
|C110|000004||
|C110|000005||
|C175|5405|5,57|0,00|01|5,57|0,6500|||0,03|01|5,57|3,0000|||0,17|||
|C100|1|0||65|00|001|9542|31220741132335000140650010000095421615802817|01072022|01072022|20,74|1|0,00||20,74|9|0,00|0,00|0,00|0,00|0,00||||0,13|0,62|0,00|0,00|
|C110|000001||
|C110|000002||
|C110|000003||
|C110|000004||
|C110|000005||
|C175|5405|20,74|0,00|01|20,74|0,6500|||0,13|01|20,74|3,0000|||0,62|||
|C100|1|0||65|00|001|9543|31220741132335000140650010000095431636091070|01072022|01072022|88,26|1|0,00||88,26|9|0,00|0,00|0,00|75,60|13,60||||0,55|2,67|0,00|0,00|
|C110|000001||
|C110|000002||
|C110|000003||
|C110|000004||
|C110|000005||
|C175|5102|75,60|0,00|01|75,60|0,6500|||0,48|01|75,60|3,0000|||2,28|||
|C175|5405|12,66|0,00|01|12,66|0,6500|||0,07|01|12,66|3,0000|||0,39|||
|C100|1|0|2605|55|00|1|1706|31220741132335000140550010000017061467616986|01072022|01072022|295,70|1|0,00||295,70|1|0,00|0,00|0,00|0,00|0,00|0,00|0,00|0,00|1,94|8,87|0,00|0,00|
|C110|000001||
|C110|000002||
|C110|000003||
|C110|000004||
|C110|000005||
|C170|1|2068||10,00000|MT|25,30|0,00|0|060|5405||0,00|0,00|0,00|0,00|0,00|0,00|0|||0,00|0,00|0,00|01|25,30|0,6500|||0,16|01|25,30|3,0000|||0,76||
|C170|2|22||1,00000|UN|0,80|0,00|0|060|5405||0,00|0,00|0,00|0,00|0,00|0,00|0|||0,00|0,00|0,00|01|0,80|0,6500|||0,01|01|0,80|3,0000|||0,02||
|C170|3|1347||4,00000|UN|40,80|0,00|0|060|5405||0,00|0,00|0,00|0,00|0,00|0,00|0|||0,00|0,00|0,00|01|40,80|0,6500|||0,27|01|40,80|3,0000|||1,22||
|C170|4|4195||2,00000|UN|133,80|0,00|0|060|5405||0,00|0,00|0,00|0,00|0,00|0,00|0|||0,00|0,00|0,00|01|133,80|0,6500|||0,87|01|133,80|3,0000|||4,01||
|C170|5|3890||1,00000|UN|5,65|0,00|0|060|5405||0,00|0,00|0,00|0,00|0,00|0,00|0|||0,00|0,00|0,00|01|5,65|0,6500|||0,04|01|5,65|3,0000|||0,17||
|C170|6|2472||1,00000|UN|8,60|0,00|0|060|5405||0,00|0,00|0,00|0,00|0,00|0,00|0|||0,00|0,00|0,00|01|8,60|0,6500|||0,06|01|8,60|3,0000|||0,26||
|C170|7|2063||5,00000|MT|7,95|0,00|0|060|5405||0,00|0,00|0,00|0,00|0,00|0,00|0|||0,00|0,00|0,00|01|7,95|0,6500|||0,05|01|7,95|3,0000|||0,24||
|C170|8|10||1,00000|UN|1,15|0,00|0|060|5405||0,00|0,00|0,00|0,00|0,00|0,00|0|||0,00|0,00|0,00|01|1,15|0,6500|||0,01|01|1,15|3,0000|||0,03||
|C170|9|21||2,00000|UN|1,50|0,00|0|060|5405||0,00|0,00|0,00|0,00|0,00|0,00|0|||0,00|0,00|0,00|01|1,50|0,6500|||0,01|01|1,50|3,0000|||0,05||
|C170|10|3986||1,00000|UN|37,00|0,00|0|060|5405||0,00|0,00|0,00|0,00|0,00|0,00|0|||0,00|0,00|0,00|01|37,00|0,6500|||0,24|01|37,00|3,0000|||1,11||
|C170|11|3875||3,00000|UN|18,00|0,00|0|060|5405||0,00|0,00|0,00|0,00|0,00|0,00|0|||0,00|0,00|0,00|01|18,00|0,6500|||0,12|01|18,00|3,0000|||0,54||
|C170|12|2204||1,00000|UN|7,20|0,00|0|060|5405||0,00|0,00|0,00|0,00|0,00|0,00|0|||0,00|0,00|0,00|01|7,20|0,6500|||0,05|01|7,20|3,0000|||0,22||
|C170|13|151||5,00000|MT|7,95|0,00|0|060|5405||0,00|0,00|0,00|0,00|0,00|0,00|0|||0,00|0,00|0,00|01|7,95|0,6500|||0,05|01|7,95|3,0000|||0,24||
|C100|1|0||65|00|001|9544|31220741132335000140650010000095441656379336|01072022|01072022|2,00|0|0,00||2,00|9|0,00|0,00|0,00|0,00|0,00||||0,01|0,06|0,00|0,00|
|C110|000001||
|C110|000002||
|C110|000003||
|C110|000004||
|C110|000005||
|C175|5405|2,00|0,00|01|2,00|0,6500|||0,01|01|2,00|3,0000|||0,06|||
|C100|1|0|1225|55|00|1|1707|31220741132335000140550010000017071490103938|01072022|01072022|683,00|1|0,00||682,86|1|0,00|0,00|0,00|0,00|0,00|0,00|0,00|0,00|4,44|20,49|0,00|0,00|
|C110|000006||
|C110|000001||
|C110|000002||
|C110|000003||
|C110|000004||
|C110|000005||
|C170|1|3983||40,00000|UN|161,20|0,00|0|060|5405||0,00|0,00|0,00|0,00|0,00|0,00|0|||0,00|0,00|0,00|01|161,20|0,6500|||1,05|01|161,20|3,0000|||4,84||
|C170|2|2114||50,00000|MT|239,50|0,00|0|060|5405||0,00|0,00|0,00|0,00|0,00|0,00|0|||0,00|0,00|0,00|01|239,50|0,6500|||1,56|01|239,50|3,0000|||7,19||
|C170|3|7631||4,00000|UN|282,16|0,00|0|060|5405||0,00|0,00|0,00|0,00|0,00|0,00|0|||0,00|0,00|0,00|01|282,16|0,6500|||1,83|01|282,16|3,0000|||8,46||
|C100|1|0||65|00|001|9545|31220741132335000140650010000095451676667598|01072022|01072022|76,39|1|0,00||76,39|9|0,00|0,00|0,00|56,46|10,16||||0,50|2,29|0,00|0,00|
|C110|000001||
|C110|000002||
|C110|000003||
|C110|000004||
|C110|000005||
|C175|5102|56,46|0,00|01|56,46|0,6500|||0,37|01|56,46|3,0000|||1,69|||
|C175|5405|19,93|0,00|01|19,93|0,6500|||0,13|01|19,93|3,0000|||0,60|||
|C100|1|0||65|00|001|9546|31220741132335000140650010000095461696955855|01072022|01072022|42,41|1|0,00||42,41|9|0,00|0,00|0,00|31,99|5,76||||0,28|1,27|0,00|0,00|
|C110|000001||
|C110|000002||
|C110|000003||
|C110|000004||
|C110|000005||
|C175|5102|31,99|0,00|01|31,99|0,6500|||0,21|01|31,99|3,0000|||0,96|||
|C175|5405|10,42|0,00|01|10,42|0,6500|||0,07|01|10,42|3,0000|||0,31|||
|C100|1|0||65|00|001|9547|31220741132335000140650010000095471717244119|01072022|01072022|53,82|1|0,00||53,82|9|0,00|0,00|0,00|0,00|0,00||||0,34|1,62|0,00|0,00|
|C110|000001||
|C110|000002||
|C110|000003||
|C110|000004||
|C110|000005||
|C175|5405|53,82|0,00|01|53,82|0,6500|||0,34|01|53,82|3,0000|||1,62|||
|C100|1|0||65|00|001|9548|31220741132335000140650010000095481737532389|01072022|01072022|9,52|1|0,00||9,52|9|0,00|0,00|0,00|0,00|0,00||||0,06|0,29|0,00|0,00|
|C110|000001||
|C110|000002||
|C110|000003||
|C110|000004||
|C110|000005||
|C175|5405|9,52|0,00|01|9,52|0,6500|||0,06|01|9,52|3,0000|||0,29|||
|C100|1|0||65|00|001|9549|31220741132335000140650010000095491757820646|01072022|01072022|60,89|1|0,00||60,89|9|0,00|0,00|0,00|0,00|0,00||||0,39|1,83|0,00|0,00|
|C110|000001||
|C110|000002||
|C110|000003||
|C110|000004||
|C110|000005||
|C175|5405|60,89|0,00|01|60,89|0,6500|||0,39|01|60,89|3,0000|||1,83|||
|C100|1|0||65|00|001|9550|31220741132335000140650010000095501778108903|01072022|01072022|29,98|1|0,00||29,98|9|0,00|0,00|0,00|0,00|0,00||||0,19|0,91|0,00|0,00|
|C110|000001||
|C110|000002||
|C110|000003||
|C110|000004||
|C110|000005||
|C175|5405|29,98|0,00|01|29,98|0,6500|||0,19|01|29,98|3,0000|||0,91|||
|C100|1|0||65|00|001|9551|31220741132335000140650010000095511798397169|01072022|01072022|13,09|1|0,00||13,09|9|0,00|0,00|0,00|0,00|0,00||||0,08|0,39|0,00|0,00|
|C110|000001||
|C110|000002||
|C110|000003||
|C110|000004||
|C110|000005||
|C175|5405|13,09|0,00|01|13,09|0,6500|||0,08|01|13,09|3,0000|||0,39|||
|C100|1|0||65|00|001|9552|31220741132335000140650010000095521818685420|01072022|01072022|55,06|1|0,00||55,06|9|0,00|0,00|0,00|0,00|0,00||||0,35|1,66|0,00|0,00|
|C110|000001||
|C110|000002||
|C110|000003||
|C110|000004||
|C110|000005||
|C175|5405|55,06|0,00|01|55,06|0,6500|||0,35|01|55,06|3,0000|||1,66|||
|C100|1|0||65|00|001|9553|31220741132335000140650010000095531838973682|01072022|01072022|32,89|1|0,00||32,89|9|0,00|0,00|0,00|0,00|0,00||||0,20|0,98|0,00|0,00|
|C110|000001||
|C110|000002||
|C110|000003||
|C110|000004||
|C110|000005||
|C175|5405|32,89|0,00|01|32,89|0,6500|||0,20|01|32,89|3,0000|||0,98|||
|C100|1|0||65|00|001|9554|31220741132335000140650010000095541859261956|01072022|01072022|28,66|1|0,00||28,66|9|0,00|0,00|0,00|0,00|0,00||||0,19|0,87|0,00|0,00|
|C110|000001||
|C110|000002||
|C110|000003||
|C110|000004||
|C110|000005||
|C175|5405|28,66|0,00|01|28,66|0,6500|||0,19|01|28,66|3,0000|||0,87|||
|C100|1|0||65|00|001|9555|31220741132335000140650010000095551879550217|01072022|01072022|13,28|1|0,00||13,28|9|0,00|0,00|0,00|0,00|0,00||||0,09|0,40|0,00|0,00|
|C110|000001||
|C110|000002||
|C110|000003||
|C110|000004||
|C110|000005||
|C175|5405|13,28|0,00|01|13,28|0,6500|||0,09|01|13,28|3,0000|||0,40|||
|C100|1|0||65|00|001|9556|31220741132335000140650010000095561899838477|01072022|01072022|125,51|1|0,00||125,51|9|0,00|0,00|0,00|0,00|0,00||||0,82|3,77|0,00|0,00|
|C110|000001||
|C110|000002||
|C110|000003||
|C110|000004||
|C110|000005||
|C175|5405|125,51|0,00|01|125,51|0,6500|||0,82|01|125,51|3,0000|||3,77|||
|C100|1|0||65|00|001|9557|31220741132335000140650010000095571920126733|01072022|01072022|23,69|1|0,00||23,69|9|0,00|0,00|0,00|0,00|0,00||||0,16|0,71|0,00|0,00|
|C110|000001||
|C110|000002||
|C110|000003||
|C110|000004||
|C110|000005||
|C175|5405|23,69|0,00|01|23,69|0,6500|||0,16|01|23,69|3,0000|||0,71|||
|C100|1|0||65|00|001|9558|31220741132335000140650010000095581940414995|01072022|01072022|33,00|1|0,00||33,00|9|0,00|0,00|0,00|0,00|0,00||||0,22|0,99|0,00|0,00|
|C110|000001||
|C110|000002||
|C110|000003||
|C110|000004||
|C110|000005||
|C175|5405|33,00|0,00|01|33,00|0,6500|||0,22|01|33,00|3,0000|||0,99|||
|C100|1|0|2770|55|00|1|1708|31220741132335000140550010000017081855756704|01072022|01072022|610,56|1|0,00||610,56|1|0,00|0,00|0,00|8,05|1,45|0,00|0,00|0,00|3,95|18,33|0,00|0,00|
|C110|000006||
|C110|000001||
|C110|000002||
|C110|000003||
|C110|000004||
|C110|000005||
|C170|1|7514||10,00000|MT|109,50|0,00|0|060|5405||0,00|0,00|0,00|0,00|0,00|0,00|0|||0,00|0,00|0,00|01|109,50|0,6500|||0,71|01|109,50|3,0000|||3,29||
|C170|2|3635||1,00000|UN|18,90|0,00|0|060|5405||0,00|0,00|0,00|0,00|0,00|0,00|0|||0,00|0,00|0,00|01|18,90|0,6500|||0,12|01|18,90|3,0000|||0,57||
|C170|3|176||1,00000|UN|25,20|0,00|0|060|5405||0,00|0,00|0,00|0,00|0,00|0,00|0|||0,00|0,00|0,00|01|25,20|0,6500|||0,16|01|25,20|3,0000|||0,76||
|C170|4|5682||1,00000|UN|9,96|0,00|0|060|5405||0,00|0,00|0,00|0,00|0,00|0,00|0|||0,00|0,00|0,00|01|9,96|0,6500|||0,06|01|9,96|3,0000|||0,30||
|C170|5|262||2,00000|UN|3,50|0,00|0|060|5405||0,00|0,00|0,00|0,00|0,00|0,00|0|||0,00|0,00|0,00|01|3,50|0,6500|||0,02|01|3,50|3,0000|||0,11||
|C170|6|4174||1,00000|UN|5,80|0,00|0|060|5405||0,00|0,00|0,00|0,00|0,00|0,00|0|||0,00|0,00|0,00|01|5,80|0,6500|||0,04|01|5,80|3,0000|||0,17||
|C170|7|529||1,00000|UN|69,90|0,00|0|060|5405||0,00|0,00|0,00|0,00|0,00|0,00|0|||0,00|0,00|0,00|01|69,90|0,6500|||0,45|01|69,90|3,0000|||2,10||
|C170|8|1915||1,00000|UN|78,45|0,00|0|060|5405||0,00|0,00|0,00|0,00|0,00|0,00|0|||0,00|0,00|0,00|01|78,45|0,6500|||0,51|01|78,45|3,0000|||2,35||
|C170|9|177||1,00000|UN|25,20|0,00|0|060|5405||0,00|0,00|0,00|0,00|0,00|0,00|0|||0,00|0,00|0,00|01|25,20|0,6500|||0,16|01|25,20|3,0000|||0,76||
|C170|10|551||6,00000|UN|34,80|0,00|0|060|5405||0,00|0,00|0,00|0,00|0,00|0,00|0|||0,00|0,00|0,00|01|34,80|0,6500|||0,23|01|34,80|3,0000|||1,04||
|C170|11|4174||2,00000|UN|11,60|0,00|0|060|5405||0,00|0,00|0,00|0,00|0,00|0,00|0|||0,00|0,00|0,00|01|11,60|0,6500|||0,08|01|11,60|3,0000|||0,35||
|C170|12|529||2,00000|UN|139,80|0,00|0|060|5405||0,00|0,00|0,00|0,00|0,00|0,00|0|||0,00|0,00|0,00|01|139,80|0,6500|||0,91|01|139,80|3,0000|||4,19||
|C170|13|548||1,00000|UN|8,05|0,00|0|000|5102||8,05|18,00|1,45|0,00|0,00|0,00|0|||0,00|0,00|0,00|01|8,05|0,6500|||0,05|01|8,05|3,0000|||0,24||
|C170|14|529||1,00000|UN|69,90|0,00|0|060|5405||0,00|0,00|0,00|0,00|0,00|0,00|0|||0,00|0,00|0,00|01|69,90|0,6500|||0,45|01|69,90|3,0000|||2,10||
|C100|1|0|2924|55|00|1|1710|31220741132335000140550010000017101020725555|01072022|01072022|7280,68|1|971,16||7280,68|1|0,00|0,00|0,00|2048,41|368,71|0,00|0,00|0,00|47,30|218,42|0,00|0,00|
|C110|000006||
|C110|000001||
|C110|000002||
|C110|000003||
|C110|000004||
|C110|000005||
|C170|1|211||1,00000|UN|5,68|0,76|0|000|5102||5,68|18,00|1,02|0,00|0,00|0,00|0|||0,00|0,00|0,00|01|5,68|0,6500|||0,04|01|5,68|3,0000|||0,17||
|C170|2|569||3,00000|UN|11,12|1,48|0|060|5405||0,00|0,00|0,00|0,00|0,00|0,00|0|||0,00|0,00|0,00|01|11,12|0,6500|||0,07|01|11,12|3,0000|||0,33||
|C170|3|300||2,00000|UN|16,13|2,15|0|060|5405||0,00|0,00|0,00|0,00|0,00|0,00|0|||0,00|0,00|0,00|01|16,13|0,6500|||0,10|01|16,13|3,0000|||0,48||
|C170|4|261||1,00000|UN|22,25|2,97|0|060|5405||0,00|0,00|0,00|0,00|0,00|0,00|0|||0,00|0,00|0,00|01|22,25|0,6500|||0,14|01|22,25|3,0000|||0,67||
|C170|5|778||48,00000|MT|1395,88|186,20|0|060|5405||0,00|0,00|0,00|0,00|0,00|0,00|0|||0,00|0,00|0,00|01|1395,88|0,6500|||9,07|01|1395,88|3,0000|||41,88||
|C170|6|2158||8,00000|UN|148,93|19,87|0|060|5405||0,00|0,00|0,00|0,00|0,00|0,00|0|||0,00|0,00|0,00|01|148,93|0,6500|||0,97|01|148,93|3,0000|||4,47||
|C170|7|562||2,00000|UN|50,72|6,76|0|060|5405||0,00|0,00|0,00|0,00|0,00|0,00|0|||0,00|0,00|0,00|01|50,72|0,6500|||0,33|01|50,72|3,0000|||1,52||
|C170|8|56||2,00000|UN|139,58|18,62|0|000|5102||139,58|18,00|25,12|0,00|0,00|0,00|0|||0,00|0,00|0,00|01|139,58|0,6500|||0,91|01|139,58|3,0000|||4,19||
|C170|9|1962||12,00000|UN|6,25|0,83|0|060|5405||0,00|0,00|0,00|0,00|0,00|0,00|0|||0,00|0,00|0,00|01|6,25|0,6500|||0,04|01|6,25|3,0000|||0,19||
|C170|10|7326||1,00000|UN|326,91|43,61|0|060|5405||0,00|0,00|0,00|0,00|0,00|0,00|0|||0,00|0,00|0,00|01|326,91|0,6500|||2,12|01|326,91|3,0000|||9,81||
|C170|11|94||4,00000|UN|23,86|3,18|0|060|5405||0,00|0,00|0,00|0,00|0,00|0,00|0|||0,00|0,00|0,00|01|23,86|0,6500|||0,16|01|23,86|3,0000|||0,72||
|C170|12|6567||3,00000|UN|46,32|6,18|0|000|5102||46,32|18,00|8,34|0,00|0,00|0,00|0|||0,00|0,00|0,00|01|46,32|0,6500|||0,30|01|46,32|3,0000|||1,39||
|C170|13|3776||8,00000|MT|433,60|57,84|0|060|5405||0,00|0,00|0,00|0,00|0,00|0,00|0|||0,00|0,00|0,00|01|433,60|0,6500|||2,82|01|433,60|3,0000|||13,01||
|C170|14|4126||1,00000|UN|231,99|30,94|0|000|5102||231,99|18,00|41,76|0,00|0,00|0,00|0|||0,00|0,00|0,00|01|231,99|0,6500|||1,51|01|231,99|3,0000|||6,96||
|C170|15|129||4,00000|UN|120,06|16,02|0|060|5405||0,00|0,00|0,00|0,00|0,00|0,00|0|||0,00|0,00|0,00|01|120,06|0,6500|||0,78|01|120,06|3,0000|||3,60||
|C170|16|557||3,00000|UN|31,31|4,18|0|060|5405||0,00|0,00|0,00|0,00|0,00|0,00|0|||0,00|0,00|0,00|01|31,31|0,6500|||0,20|01|31,31|3,0000|||0,94||
|C170|17|863||1,00000|UN|23,74|3,17|0|000|5102||23,74|18,00|4,27|0,00|0,00|0,00|0|||0,00|0,00|0,00|01|23,74|0,6500|||0,15|01|23,74|3,0000|||0,71||
|C170|18|6727||12,00000|MT|141,24|18,84|0|060|5405||0,00|0,00|0,00|0,00|0,00|0,00|0|||0,00|0,00|0,00|01|141,24|0,6500|||0,92|01|141,24|3,0000|||4,24||
|C170|19|2089||22,00000|MT|639,78|85,34|0|060|5405||0,00|0,00|0,00|0,00|0,00|0,00|0|||0,00|0,00|0,00|01|639,78|0,6500|||4,16|01|639,78|3,0000|||19,19||
|C170|20|841||1,00000|UN|1549,09|206,63|0|000|5102||1549,09|18,00|278,84|0,00|0,00|0,00|0|||0,00|0,00|0,00|01|1549,09|0,6500|||10,07|01|1549,09|3,0000|||46,47||
|C170|21|862||2,00000|UN|48,30|6,44|0|000|5102||48,30|18,00|8,69|0,00|0,00|0,00|0|||0,00|0,00|0,00|01|48,30|0,6500|||0,31|01|48,30|3,0000|||1,45||
|C170|22|2877||3,00000|UN|152,99|20,41|0|060|5405||0,00|0,00|0,00|0,00|0,00|0,00|0|||0,00|0,00|0,00|01|152,99|0,6500|||0,99|01|152,99|3,0000|||4,59||
|C170|23|103||1,00000|UN|3,71|0,49|0|000|5102||3,71|18,00|0,67|0,00|0,00|0,00|0|||0,00|0,00|0,00|01|3,71|0,6500|||0,02|01|3,71|3,0000|||0,11||
|C170|24|997||6,00000|UN|10,06|1,34|0|060|5405||0,00|0,00|0,00|0,00|0,00|0,00|0|||0,00|0,00|0,00|01|10,06|0,6500|||0,07|01|10,06|3,0000|||0,30||
|C170|25|81||8,00000|UN|8,05|1,07|0|060|5405||0,00|0,00|0,00|0,00|0,00|0,00|0|||0,00|0,00|0,00|01|8,05|0,6500|||0,05|01|8,05|3,0000|||0,24||
|C170|26|996||24,00000|MT|1300,81|173,51|0|060|5405||0,00|0,00|0,00|0,00|0,00|0,00|0|||0,00|0,00|0,00|01|1300,81|0,6500|||8,46|01|1300,81|3,0000|||39,02||
|C170|27|1959||24,00000|UN|32,82|4,38|0|060|5405||0,00|0,00|0,00|0,00|0,00|0,00|0|||0,00|0,00|0,00|01|32,82|0,6500|||0,21|01|32,82|3,0000|||0,98||
|C170|28|2086||14,00000|MT|174,54|23,28|0|060|5405||0,00|0,00|0,00|0,00|0,00|0,00|0|||0,00|0,00|0,00|01|174,54|0,6500|||1,13|01|174,54|3,0000|||5,24||
|C170|29|88||4,00000|UN|15,00|2,00|0|060|5405||0,00|0,00|0,00|0,00|0,00|0,00|0|||0,00|0,00|0,00|01|15,00|0,6500|||0,10|01|15,00|3,0000|||0,45||
|C170|30|5717||1,00000|UN|158,84|21,19|0|060|5405||0,00|0,00|0,00|0,00|0,00|0,00|0|||0,00|0,00|0,00|01|158,84|0,6500|||1,03|01|158,84|3,0000|||4,77||
|C170|31|99||6,00000|UN|11,12|1,48|0|060|5405||0,00|0,00|0,00|0,00|0,00|0,00|0|||0,00|0,00|0,00|01|11,12|0,6500|||0,07|01|11,12|3,0000|||0,33||
|C100|1|0||65|00|001|9559|31220741132335000140650010000095591960703256|01072022|01072022|47,25|1|0,00||47,25|9|0,00|0,00|0,00|0,00|0,00||||0,30|1,41|0,00|0,00|
|C110|000001||
|C110|000002||
|C110|000003||
|C110|000004||
|C110|000005||
|C175|5405|47,25|0,00|01|47,25|0,6500|||0,30|01|47,25|3,0000|||1,41|||
|C100|1|0||65|00|001|9560|31220741132335000140650010000095601980991525|01072022|01072022|157,78|1|0,00||157,78|9|0,00|0,00|0,00|87,88|15,82||||1,03|4,74|0,00|0,00|
|C110|000001||
|C110|000002||
|C110|000003||
|C110|000004||
|C110|000005||
|C175|5102|87,88|0,00|01|87,88|0,6500|||0,57|01|87,88|3,0000|||2,64|||
|C175|5405|69,90|0,00|01|69,90|0,6500|||0,46|01|69,90|3,0000|||2,10|||
|C100|1|0||65|00|001|9561|31220741132335000140650010000095611001279798|02072022|02072022|91,33|1|0,00||91,33|9|0,00|0,00|0,00|0,00|0,00||||0,60|2,74|0,00|0,00|
|C110|000001||
|C110|000002||
|C110|000003||
|C110|000004||
|C110|000005||
|C175|5405|91,33|0,00|01|91,33|0,6500|||0,60|01|91,33|3,0000|||2,74|||
|C100|1|0||65|00|001|9562|31220741132335000140650010000095621021568059|02072022|02072022|225,82|1|0,00||225,82|9|0,00|0,00|0,00|0,00|0,00||||1,47|6,78|0,00|0,00|
|C110|000001||
|C110|000002||
|C110|000003||
|C110|000004||
|C110|000005||
|C175|5405|225,82|0,00|01|225,82|0,6500|||1,47|01|225,82|3,0000|||6,78|||
|C100|1|0||65|00|001|9563|31220741132335000140650010000095631041856316|02072022|02072022|433,66|1|0,00||433,66|9|0,00|0,00|0,00|0,00|0,00||||2,84|13,05|0,00|0,00|
|C110|000001||
|C110|000002||
|C110|000003||
|C110|000004||
|C110|000005||
|C175|5405|433,66|0,00|01|433,66|0,6500|||2,84|01|433,66|3,0000|||13,05|||
|C100|1|0||65|00|001|9564|31220741132335000140650010000095641062144576|02072022|02072022|4,15|1|0,00||4,15|9|0,00|0,00|0,00|0,00|0,00||||0,02|0,13|0,00|0,00|
|C110|000001||
|C110|000002||
|C110|000003||
|C110|000004||
|C110|000005||
|C175|5405|4,15|0,00|01|4,15|0,6500|||0,02|01|4,15|3,0000|||0,13|||
|C100|1|0||65|00|001|9565|31220741132335000140650010000095651082432833|02072022|02072022|240,93|0|0,00||240,93|9|0,00|0,00|0,00|85,63|15,41||||1,58|7,23|0,00|0,00|
|C110|000001||
|C110|000002||
|C110|000003||
|C110|000004||
|C110|000005||
|C175|5102|85,63|0,00|01|85,63|0,6500|||0,56|01|85,63|3,0000|||2,57|||
|C175|5405|155,30|0,00|01|155,30|0,6500|||1,02|01|155,30|3,0000|||4,66|||
|C100|1|0||65|00|001|9566|31220741132335000140650010000095661102721107|02072022|02072022|52,06|1|0,00||52,06|9|0,00|0,00|0,00|0,00|0,00||||0,32|1,56|0,00|0,00|
|C110|000001||
|C110|000002||
|C110|000003||
|C110|000004||
|C110|000005||
|C175|5405|52,06|0,00|01|52,06|0,6500|||0,32|01|52,06|3,0000|||1,56|||
|C100|1|0||65|00|001|9567|31220741132335000140650010000095671123009365|02072022|02072022|7,90|1|0,00||7,90|9|0,00|0,00|0,00|0,00|0,00||||0,05|0,24|0,00|0,00|
|C110|000001||
|C110|000002||
|C110|000003||
|C110|000004||
|C110|000005||
|C175|5405|7,90|0,00|01|7,90|0,6500|||0,05|01|7,90|3,0000|||0,24|||
|C100|1|0||65|00|001|9568|31220741132335000140650010000095681143297622|02072022|02072022|65,47|0|0,00||65,47|9|0,00|0,00|0,00|65,47|11,78||||0,43|1,96|0,00|0,00|
|C110|000001||
|C110|000002||
|C110|000003||
|C110|000004||
|C110|000005||
|C175|5102|65,47|0,00|01|65,47|0,6500|||0,43|01|65,47|3,0000|||1,96|||
|C100|1|0||65|00|001|9569|31220741132335000140650010000095691163585884|05072022|05072022|20,15|0|0,00||20,15|9|0,00|0,00|0,00|0,00|0,00||||0,14|0,61|0,00|0,00|
|C110|000001||
|C110|000002||
|C110|000003||
|C110|000004||
|C110|000005||
|C175|5405|20,15|0,00|01|20,15|0,6500|||0,14|01|20,15|3,0000|||0,61|||
|C100|1|0||65|00|001|9570|31220741132335000140650010000095701183874149|02072022|02072022|20,15|0|0,00||20,15|9|0,00|0,00|0,00|0,00|0,00||||0,14|0,60|0,00|0,00|
|C110|000001||
|C110|000002||
|C110|000003||
|C110|000004||
|C110|000005||
|C175|5405|20,15|0,00|01|20,15|0,6500|||0,14|01|20,15|3,0000|||0,60|||
|C100|1|0||65|00|001|9571|31220741132335000140650010000095711204162409|02072022|02072022|41,10|0|0,00||41,10|9|0,00|0,00|0,00|0,00|0,00||||0,28|1,23|0,00|0,00|
|C110|000001||
|C110|000002||
|C110|000003||
|C110|000004||
|C110|000005||
|C175|5405|41,10|0,00|01|41,10|0,6500|||0,28|01|41,10|3,0000|||1,23|||
|C100|1|0||65|00|001|9572|31220741132335000140650010000095721224450660|02072022|02072022|156,70|0|0,00||156,70|9|0,00|0,00|0,00|0,00|0,00||||1,02|4,70|0,00|0,00|
|C110|000001||
|C110|000002||
|C110|000003||
|C110|000004||
|C110|000005||
|C175|5405|156,70|0,00|01|156,70|0,6500|||1,02|01|156,70|3,0000|||4,70|||
|C100|1|0||65|00|001|9573|31220741132335000140650010000095731244738934|02072022|02072022|60,00|0|0,00||60,00|9|0,00|0,00|0,00|0,00|0,00||||0,39|1,80|0,00|0,00|
|C110|000001||
|C110|000002||
|C110|000003||
|C110|000004||
|C110|000005||
|C175|5405|60,00|0,00|01|60,00|0,6500|||0,39|01|60,00|3,0000|||1,80|||
|C100|1|0||65|00|001|9574|31220741132335000140650010000095741265027198|02072022|02072022|16,05|0|0,00||16,05|9|0,00|0,00|0,00|0,00|0,00||||0,08|0,49|0,00|0,00|
|C110|000001||
|C110|000002||
|C110|000003||
|C110|000004||
|C110|000005||
|C175|5405|16,05|0,00|01|16,05|0,6500|||0,08|01|16,05|3,0000|||0,49|||
|C100|1|0||65|00|001|9575|31220741132335000140650010000095751285315455|02072022|02072022|46,30|0|0,00||46,30|9|0,00|0,00|0,00|0,00|0,00||||0,31|1,38|0,00|0,00|
|C110|000001||
|C110|000002||
|C110|000003||
|C110|000004||
|C110|000005||
|C175|5405|46,30|0,00|01|46,30|0,6500|||0,31|01|46,30|3,0000|||1,38|||
|C100|1|0||65|00|001|9576|31220741132335000140650010000095761305603717|04072022|04072022|67,00|0|0,00||67,00|9|0,00|0,00|0,00|57,24|10,30||||0,45|2,00|0,00|0,00|
|C110|000001||
|C110|000002||
|C110|000003||
|C110|000004||
|C110|000005||
|C175|5102|57,24|0,00|01|57,24|0,6500|||0,37|01|57,24|3,0000|||1,72|||
|C175|5405|9,76|0,00|01|9,76|0,6500|||0,08|01|9,76|3,0000|||0,28|||
|C100|1|0||65|00|001|9577|31220741132335000140650010000095771325891979|04072022|04072022|79,45|1|0,00||79,45|9|0,00|0,00|0,00|64,27|11,56||||0,52|2,40|0,00|0,00|
|C110|000001||
|C110|000002||
|C110|000003||
|C110|000004||
|C110|000005||
|C175|5102|64,27|0,00|01|64,27|0,6500|||0,43|01|64,27|3,0000|||1,94|||
|C175|5405|15,18|0,00|01|15,18|0,6500|||0,09|01|15,18|3,0000|||0,46|||
|C100|1|0||65|00|001|9578|31220741132335000140650010000095781346180238|04072022|04072022|25,87|1|0,00||25,87|9|0,00|0,00|0,00|0,00|0,00||||0,17|0,78|0,00|0,00|
|C110|000001||
|C110|000002||
|C110|000003||
|C110|000004||
|C110|000005||
|C175|5405|25,87|0,00|01|25,87|0,6500|||0,17|01|25,87|3,0000|||0,78|||
|C100|1|0||65|00|001|9579|31220741132335000140650010000095791366468501|04072022|04072022|90,67|1|0,00||90,67|9|0,00|0,00|0,00|0,00|0,00||||0,57|2,72|0,00|0,00|
|C110|000001||
|C110|000002||
|C110|000003||
|C110|000004||
|C110|000005||
|C175|5405|90,67|0,00|01|90,67|0,6500|||0,57|01|90,67|3,0000|||2,72|||
|C100|1|0||65|00|001|9580|31220741132335000140650010000095801386756767|04072022|04072022|37,33|1|0,00||37,33|9|0,00|0,00|0,00|0,00|0,00||||0,23|1,14|0,00|0,00|
|C110|000001||
|C110|000002||
|C110|000003||
|C110|000004||
|C110|000005||
|C175|5405|37,33|0,00|01|37,33|0,6500|||0,23|01|37,33|3,0000|||1,14|||
|C100|1|0||65|00|001|9581|31220741132335000140650010000095811407045020|04072022|04072022|19,12|1|0,00||19,12|9|0,00|0,00|0,00|0,00|0,00||||0,12|0,57|0,00|0,00|
|C110|000001||
|C110|000002||
|C110|000003||
|C110|000004||
|C110|000005||
|C175|5405|19,12|0,00|01|19,12|0,6500|||0,12|01|19,12|3,0000|||0,57|||
|C100|1|0||65|00|001|9582|31220741132335000140650010000095821427333282|04072022|04072022|18,07|1|0,00||18,07|9|0,00|0,00|0,00|0,00|0,00||||0,12|0,55|0,00|0,00|
|C110|000001||
|C110|000002||
|C110|000003||
|C110|000004||
|C110|000005||
|C175|5405|18,07|0,00|01|18,07|0,6500|||0,12|01|18,07|3,0000|||0,55|||
|C100|1|0||65|00|001|9583|31220741132335000140650010000095831447621540|04072022|04072022|28,53|1|0,00||28,53|9|0,00|0,00|0,00|0,00|0,00||||0,17|0,87|0,00|0,00|
|C110|000001||
|C110|000002||
|C110|000003||
|C110|000004||
|C110|000005||
|C175|5405|28,53|0,00|01|28,53|0,6500|||0,17|01|28,53|3,0000|||0,87|||
|C100|1|0||65|00|001|9584|31220741132335000140650010000095841467909805|04072022|04072022|80,52|1|0,00||80,52|9|0,00|0,00|0,00|0,00|0,00||||0,53|2,41|0,00|0,00|
|C110|000001||
|C110|000002||
|C110|000003||
|C110|000004||
|C110|000005||
|C175|5405|80,52|0,00|01|80,52|0,6500|||0,53|01|80,52|3,0000|||2,41|||
|C100|1|0||65|00|001|9585|31220741132335000140650010000095851488198077|04072022|04072022|118,59|1|0,00||118,59|9|0,00|0,00|0,00|0,00|0,00||||0,77|3,56|0,00|0,00|
|C110|000001||
|C110|000002||
|C110|000003||
|C110|000004||
|C110|000005||
|C175|5405|118,59|0,00|01|118,59|0,6500|||0,77|01|118,59|3,0000|||3,56|||
|C100|1|0||65|00|001|9586|31220741132335000140650010000095861508486339|04072022|04072022|93,19|1|0,00||93,19|9|0,00|0,00|0,00|76,86|13,85||||0,61|2,80|0,00|0,00|
|C110|000001||
|C110|000002||
|C110|000003||
|C110|000004||
|C110|000005||
|C175|5102|76,86|0,00|01|76,86|0,6500|||0,51|01|76,86|3,0000|||2,30|||
|C175|5405|16,33|0,00|01|16,33|0,6500|||0,10|01|16,33|3,0000|||0,50|||
|C100|1|0||65|00|001|9587|31220741132335000140650010000095871528774590|04072022|04072022|150,72|1|0,00||150,72|9|0,00|0,00|0,00|0,00|0,00||||0,98|4,52|0,00|0,00|
|C110|000001||
|C110|000002||
|C110|000003||
|C110|000004||
|C110|000005||
|C175|5405|150,72|0,00|01|150,72|0,6500|||0,98|01|150,72|3,0000|||4,52|||
|C100|1|0||65|00|001|9588|31220741132335000140650010000095881549062856|04072022|04072022|31,94|1|0,00||31,94|9|0,00|0,00|0,00|5,55|1,00||||0,20|0,96|0,00|0,00|
|C110|000001||
|C110|000002||
|C110|000003||
|C110|000004||
|C110|000005||
|C175|5102|5,55|0,00|01|5,55|0,6500|||0,04|01|5,55|3,0000|||0,17|||
|C175|5405|26,39|0,00|01|26,39|0,6500|||0,16|01|26,39|3,0000|||0,79|||
|C100|1|0||65|00|001|9589|31220741132335000140650010000095891569351117|04072022|04072022|18,97|1|0,00||18,97|9|0,00|0,00|0,00|0,00|0,00||||0,13|0,57|0,00|0,00|
|C110|000001||
|C110|000002||
|C110|000003||
|C110|000004||
|C110|000005||
|C175|5405|18,97|0,00|01|18,97|0,6500|||0,13|01|18,97|3,0000|||0,57|||
|C100|1|0||65|00|001|9590|31220741132335000140650010000095901589639370|04072022|04072022|991,88|0|0,00||991,88|9|0,00|0,00|0,00|107,01|19,26||||6,44|29,74|0,00|0,00|
|C110|000001||
|C110|000002||
|C110|000003||
|C110|000004||
|C110|000005||
|C175|5102|107,01|0,00|01|107,01|0,6500|||0,70|01|107,01|3,0000|||3,20|||
|C175|5405|884,87|0,00|01|884,87|0,6500|||5,74|01|884,87|3,0000|||26,54|||
|C100|1|0||65|00|001|9591|31220741132335000140650010000095911609927640|04072022|04072022|23,20|1|0,00||23,20|9|0,00|0,00|0,00|0,00|0,00||||0,16|0,70|0,00|0,00|
|C110|000001||
|C110|000002||
|C110|000003||
|C110|000004||
|C110|000005||
|C175|5405|23,20|0,00|01|23,20|0,6500|||0,16|01|23,20|3,0000|||0,70|||
|C100|1|0|7|55|00|1|1712|31220741132335000140550010000017121880442346|04072022|04072022|6608,70|1|540,07||6608,70|1|0,00|0,00|0,00|558,97|100,61|0,00|0,00|0,00|42,99|198,22|0,00|0,00|
|C110|000006||
|C110|000001||
|C110|000002||
|C110|000003||
|C110|000004||
|C110|000005||
|C170|1|7006||3,00000|UN|109,27|8,93|0|000|5102||109,27|18,00|19,67|0,00|0,00|0,00|0|||0,00|0,00|0,00|01|109,27|0,6500|||0,71|01|109,27|3,0000|||3,28||
|C170|2|647||25,00000|UN|8,32|0,68|0|060|5405||0,00|0,00|0,00|0,00|0,00|0,00|0|||0,00|0,00|0,00|01|8,32|0,6500|||0,05|01|8,32|3,0000|||0,25||
|C170|3|2069||50,00000|MT|116,94|9,56|0|060|5405||0,00|0,00|0,00|0,00|0,00|0,00|0|||0,00|0,00|0,00|01|116,94|0,6500|||0,76|01|116,94|3,0000|||3,51||
|C170|4|647||5,00000|UN|15,35|1,25|0|060|5405||0,00|0,00|0,00|0,00|0,00|0,00|0|||0,00|0,00|0,00|01|15,35|0,6500|||0,10|01|15,35|3,0000|||0,46||
|C170|5|2071||30,00000|MT|70,17|5,73|0|060|5405||0,00|0,00|0,00|0,00|0,00|0,00|0|||0,00|0,00|0,00|01|70,17|0,6500|||0,46|01|70,17|3,0000|||2,11||
|C170|6|3493||1,00000|RL|144,13|11,78|0|060|5405||0,00|0,00|0,00|0,00|0,00|0,00|0|||0,00|0,00|0,00|01|144,13|0,6500|||0,94|01|144,13|3,0000|||4,32||
|C170|7|3904||5,00000|UN|38,13|3,12|0|060|5405||0,00|0,00|0,00|0,00|0,00|0,00|0|||0,00|0,00|0,00|01|38,13|0,6500|||0,25|01|38,13|3,0000|||1,14||
|C170|8|3505||1,00000|RL|365,08|29,84|0|060|5405||0,00|0,00|0,00|0,00|0,00|0,00|0|||0,00|0,00|0,00|01|365,08|0,6500|||2,37|01|365,08|3,0000|||10,95||
|C170|9|2078||10,00000|MT|55,19|4,51|0|060|5405||0,00|0,00|0,00|0,00|0,00|0,00|0|||0,00|0,00|0,00|01|55,19|0,6500|||0,36|01|55,19|3,0000|||1,66||
|C170|10|2086||13,00000|MT|185,80|15,18|0|060|5405||0,00|0,00|0,00|0,00|0,00|0,00|0|||0,00|0,00|0,00|01|185,80|0,6500|||1,21|01|185,80|3,0000|||5,57||
|C170|11|1539||1,00000|UN|34,99|2,86|0|060|5405||0,00|0,00|0,00|0,00|0,00|0,00|0|||0,00|0,00|0,00|01|34,99|0,6500|||0,23|01|34,99|3,0000|||1,05||
|C170|12|3490||1,00000|RL|144,13|11,78|0|060|5405||0,00|0,00|0,00|0,00|0,00|0,00|0|||0,00|0,00|0,00|01|144,13|0,6500|||0,94|01|144,13|3,0000|||4,32||
|C170|13|3890||2,00000|UN|10,45|0,85|0|060|5405||0,00|0,00|0,00|0,00|0,00|0,00|0|||0,00|0,00|0,00|01|10,45|0,6500|||0,07|01|10,45|3,0000|||0,31||
|C170|14|2062||50,00000|MT|145,60|11,90|0|060|5405||0,00|0,00|0,00|0,00|0,00|0,00|0|||0,00|0,00|0,00|01|145,60|0,6500|||0,95|01|145,60|3,0000|||4,37||
|C170|15|3495||1,00000|RL|144,13|11,78|0|060|5405||0,00|0,00|0,00|0,00|0,00|0,00|0|||0,00|0,00|0,00|01|144,13|0,6500|||0,94|01|144,13|3,0000|||4,32||
|C170|16|5043||13,00000|MT|185,80|15,18|0|060|5405||0,00|0,00|0,00|0,00|0,00|0,00|0|||0,00|0,00|0,00|01|185,80|0,6500|||1,21|01|185,80|3,0000|||5,57||
|C170|17|3594||5,00000|UN|22,19|1,81|0|060|5405||0,00|0,00|0,00|0,00|0,00|0,00|0|||0,00|0,00|0,00|01|22,19|0,6500|||0,14|01|22,19|3,0000|||0,67||
|C170|18|1772||4,00000|UN|6,10|0,50|0|060|5405||0,00|0,00|0,00|0,00|0,00|0,00|0|||0,00|0,00|0,00|01|6,10|0,6500|||0,04|01|6,10|3,0000|||0,18||
|C170|19|466||1,00000|UN|3,14|0,26|0|060|5405||0,00|0,00|0,00|0,00|0,00|0,00|0|||0,00|0,00|0,00|01|3,14|0,6500|||0,02|01|3,14|3,0000|||0,09||
|C170|20|3493||1,00000|RL|144,13|11,78|0|060|5405||0,00|0,00|0,00|0,00|0,00|0,00|0|||0,00|0,00|0,00|01|144,13|0,6500|||0,94|01|144,13|3,0000|||4,32||
|C170|21|3906||14,00000|UN|148,19|12,11|0|060|5405||0,00|0,00|0,00|0,00|0,00|0,00|0|||0,00|0,00|0,00|01|148,19|0,6500|||0,96|01|148,19|3,0000|||4,45||
|C170|22|2063||30,00000|MT|44,10|3,60|0|060|5405||0,00|0,00|0,00|0,00|0,00|0,00|0|||0,00|0,00|0,00|01|44,10|0,6500|||0,29|01|44,10|3,0000|||1,32||
|C170|23|2081||30,00000|MT|165,57|13,53|0|060|5405||0,00|0,00|0,00|0,00|0,00|0,00|0|||0,00|0,00|0,00|01|165,57|0,6500|||1,08|01|165,57|3,0000|||4,97||
|C170|24|3500||1,00000|RL|228,85|18,70|0|060|5405||0,00|0,00|0,00|0,00|0,00|0,00|0|||0,00|0,00|0,00|01|228,85|0,6500|||1,49|01|228,85|3,0000|||6,87||
|C170|25|5366||9,00000|UN|123,97|10,13|0|060|5405||0,00|0,00|0,00|0,00|0,00|0,00|0|||0,00|0,00|0,00|01|123,97|0,6500|||0,81|01|123,97|3,0000|||3,72||
|C170|26|466||1,00000|UN|34,99|2,86|0|060|5405||0,00|0,00|0,00|0,00|0,00|0,00|0|||0,00|0,00|0,00|01|34,99|0,6500|||0,23|01|34,99|3,0000|||1,05||
|C170|27|3987||6,00000|UN|205,23|16,77|0|060|5405||0,00|0,00|0,00|0,00|0,00|0,00|0|||0,00|0,00|0,00|01|205,23|0,6500|||1,33|01|205,23|3,0000|||6,16||
|C170|28|3490||1,00000|RL|144,13|11,78|0|060|5405||0,00|0,00|0,00|0,00|0,00|0,00|0|||0,00|0,00|0,00|01|144,13|0,6500|||0,94|01|144,13|3,0000|||4,32||
|C170|29|466||3,00000|UN|17,33|1,42|0|060|5405||0,00|0,00|0,00|0,00|0,00|0,00|0|||0,00|0,00|0,00|01|17,33|0,6500|||0,11|01|17,33|3,0000|||0,52||
|C170|30|736||2,00000|UN|8,14|0,66|0|060|5405||0,00|0,00|0,00|0,00|0,00|0,00|0|||0,00|0,00|0,00|01|8,14|0,6500|||0,05|01|8,14|3,0000|||0,24||
|C170|31|7486||1,00000|UN|108,07|8,83|0|000|5102||108,07|18,00|19,45|0,00|0,00|0,00|0|||0,00|0,00|0,00|01|108,07|0,6500|||0,70|01|108,07|3,0000|||3,24||
|C170|32|3495||1,00000|RL|144,13|11,78|0|060|5405||0,00|0,00|0,00|0,00|0,00|0,00|0|||0,00|0,00|0,00|01|144,13|0,6500|||0,94|01|144,13|3,0000|||4,32||
|C170|33|3874||4,00000|UN|19,78|1,62|0|060|5405||0,00|0,00|0,00|0,00|0,00|0,00|0|||0,00|0,00|0,00|01|19,78|0,6500|||0,13|01|19,78|3,0000|||0,59||
|C170|34|2069||20,00000|MT|46,78|3,82|0|060|5405||0,00|0,00|0,00|0,00|0,00|0,00|0|||0,00|0,00|0,00|01|46,78|0,6500|||0,30|01|46,78|3,0000|||1,40||
|C170|35|2063||20,00000|MT|29,40|2,40|0|060|5405||0,00|0,00|0,00|0,00|0,00|0,00|0|||0,00|0,00|0,00|01|29,40|0,6500|||0,19|01|29,40|3,0000|||0,88||
|C170|36|3594||10,00000|UN|1,39|0,11|0|060|5405||0,00|0,00|0,00|0,00|0,00|0,00|0|||0,00|0,00|0,00|01|1,39|0,6500|||0,01|01|1,39|3,0000|||0,04||
|C170|37|3503||1,00000|RL|365,08|29,84|0|060|5405||0,00|0,00|0,00|0,00|0,00|0,00|0|||0,00|0,00|0,00|01|365,08|0,6500|||2,37|01|365,08|3,0000|||10,95||
|C170|38|3491||1,00000|RL|144,13|11,78|0|060|5405||0,00|0,00|0,00|0,00|0,00|0,00|0|||0,00|0,00|0,00|01|144,13|0,6500|||0,94|01|144,13|3,0000|||4,32||
|C170|39|3876||6,00000|UN|37,16|3,04|0|060|5405||0,00|0,00|0,00|0,00|0,00|0,00|0|||0,00|0,00|0,00|01|37,16|0,6500|||0,24|01|37,16|3,0000|||1,11||
|C170|40|3505||1,00000|RL|365,08|29,84|0|060|5405||0,00|0,00|0,00|0,00|0,00|0,00|0|||0,00|0,00|0,00|01|365,08|0,6500|||2,37|01|365,08|3,0000|||10,95||
|C170|41|2068||30,00000|MT|70,17|5,73|0|060|5405||0,00|0,00|0,00|0,00|0,00|0,00|0|||0,00|0,00|0,00|01|70,17|0,6500|||0,46|01|70,17|3,0000|||2,11||
|C170|42|2081||20,00000|MT|110,37|9,03|0|060|5405||0,00|0,00|0,00|0,00|0,00|0,00|0|||0,00|0,00|0,00|01|110,37|0,6500|||0,72|01|110,37|3,0000|||3,31||
|C170|43|2085||13,00000|MT|185,80|15,18|0|060|5405||0,00|0,00|0,00|0,00|0,00|0,00|0|||0,00|0,00|0,00|01|185,80|0,6500|||1,21|01|185,80|3,0000|||5,57||
|C170|44|261||3,00000|UN|76,54|6,26|0|060|5405||0,00|0,00|0,00|0,00|0,00|0,00|0|||0,00|0,00|0,00|01|76,54|0,6500|||0,50|01|76,54|3,0000|||2,30||
|C170|45|2296||1,00000|UN|23,53|1,92|0|060|5405||0,00|0,00|0,00|0,00|0,00|0,00|0|||0,00|0,00|0,00|01|23,53|0,6500|||0,15|01|23,53|3,0000|||0,71||
|C170|46|4417||1,00000|UN|341,63|27,92|0|000|5102||341,63|18,00|61,49|0,00|0,00|0,00|0|||0,00|0,00|0,00|01|341,63|0,6500|||2,22|01|341,63|3,0000|||10,25||
|C170|47|3889||3,00000|UN|15,25|1,25|0|060|5405||0,00|0,00|0,00|0,00|0,00|0,00|0|||0,00|0,00|0,00|01|15,25|0,6500|||0,10|01|15,25|3,0000|||0,46||
|C170|48|2069||20,00000|MT|46,78|3,82|0|060|5405||0,00|0,00|0,00|0,00|0,00|0,00|0|||0,00|0,00|0,00|01|46,78|0,6500|||0,30|01|46,78|3,0000|||1,40||
|C170|49|3490||1,00000|RL|144,13|11,78|0|060|5405||0,00|0,00|0,00|0,00|0,00|0,00|0|||0,00|0,00|0,00|01|144,13|0,6500|||0,94|01|144,13|3,0000|||4,32||
|C170|50|5042||13,00000|MT|185,80|15,18|0|060|5405||0,00|0,00|0,00|0,00|0,00|0,00|0|||0,00|0,00|0,00|01|185,80|0,6500|||1,21|01|185,80|3,0000|||5,57||
|C170|51|3501||1,00000|RL|228,85|18,70|0|060|5405||0,00|0,00|0,00|0,00|0,00|0,00|0|||0,00|0,00|0,00|01|228,85|0,6500|||1,49|01|228,85|3,0000|||6,87||
|C170|52|6537||1,00000|UN|40,03|3,27|0|060|5405||0,00|0,00|0,00|0,00|0,00|0,00|0|||0,00|0,00|0,00|01|40,03|0,6500|||0,26|01|40,03|3,0000|||1,20||
|C170|53|466||1,00000|UN|3,56|0,29|0|060|5405||0,00|0,00|0,00|0,00|0,00|0,00|0|||0,00|0,00|0,00|01|3,56|0,6500|||0,02|01|3,56|3,0000|||0,11||
|C170|54|3987||5,00000|UN|189,98|15,52|0|060|5405||0,00|0,00|0,00|0,00|0,00|0,00|0|||0,00|0,00|0,00|01|189,98|0,6500|||1,23|01|189,98|3,0000|||5,70||
|C170|55|647||15,00000|UN|46,04|3,76|0|060|5405||0,00|0,00|0,00|0,00|0,00|0,00|0|||0,00|0,00|0,00|01|46,04|0,6500|||0,30|01|46,04|3,0000|||1,38||
|C170|56|1539||1,00000|UN|34,99|2,86|0|060|5405||0,00|0,00|0,00|0,00|0,00|0,00|0|||0,00|0,00|0,00|01|34,99|0,6500|||0,23|01|34,99|3,0000|||1,05||
|C170|57|3491||1,00000|RL|144,13|11,78|0|060|5405||0,00|0,00|0,00|0,00|0,00|0,00|0|||0,00|0,00|0,00|01|144,13|0,6500|||0,94|01|144,13|3,0000|||4,32||
|C170|58|2078||15,00000|MT|82,78|6,77|0|060|5405||0,00|0,00|0,00|0,00|0,00|0,00|0|||0,00|0,00|0,00|01|82,78|0,6500|||0,54|01|82,78|3,0000|||2,48||
|C170|59|3497||1,00000|RL|228,85|18,70|0|060|5405||0,00|0,00|0,00|0,00|0,00|0,00|0|||0,00|0,00|0,00|01|228,85|0,6500|||1,49|01|228,85|3,0000|||6,87||
|C170|60|3718||2,00000|UN|78,95|6,45|0|060|5405||0,00|0,00|0,00|0,00|0,00|0,00|0|||0,00|0,00|0,00|01|78,95|0,6500|||0,51|01|78,95|3,0000|||2,37||
|C100|1|0|2011|55|00|1|1713|31220741132335000140550010000017131558407292|04072022|04072022|46,25|1|0,00||46,25|1|0,00|0,00|0,00|0,00|0,00|0,00|0,00|0,00|0,30|1,39|0,00|0,00|
|C110|000006||
|C110|000001||
|C110|000002||
|C110|000003||
|C110|000004||
|C110|000005||
|C170|1|3874||1,00000|UN|4,30|0,00|0|060|5405||0,00|0,00|0,00|0,00|0,00|0,00|0|||0,00|0,00|0,00|01|4,30|0,6500|||0,03|01|4,30|3,0000|||0,13||
|C170|2|3906||3,00000|UN|29,85|0,00|0|060|5405||0,00|0,00|0,00|0,00|0,00|0,00|0|||0,00|0,00|0,00|01|29,85|0,6500|||0,19|01|29,85|3,0000|||0,90||
|C170|3|3874||1,00000|UN|6,70|0,00|0|060|5405||0,00|0,00|0,00|0,00|0,00|0,00|0|||0,00|0,00|0,00|01|6,70|0,6500|||0,04|01|6,70|3,0000|||0,20||
|C170|4|3874||1,00000|UN|5,40|0,00|0|060|5405||0,00|0,00|0,00|0,00|0,00|0,00|0|||0,00|0,00|0,00|01|5,40|0,6500|||0,04|01|5,40|3,0000|||0,16||
|C100|1|0||65|00|001|9592|31220741132335000140650010000095921630215902|04072022|04072022|102,99|1|0,00||102,99|9|0,00|0,00|0,00|0,00|0,00||||0,67|3,10|0,00|0,00|
|C110|000001||
|C110|000002||
|C110|000003||
|C110|000004||
|C110|000005||
|C175|5405|102,99|0,00|01|102,99|0,6500|||0,67|01|102,99|3,0000|||3,10|||
|C100|1|0||65|00|001|9593|31220741132335000140650010000095931650504168|04072022|04072022|68,53|1|0,00||68,53|9|0,00|0,00|0,00|0,00|0,00||||0,44|2,06|0,00|0,00|
|C110|000001||
|C110|000002||
|C110|000003||
|C110|000004||
|C110|000005||
|C175|5405|68,53|0,00|01|68,53|0,6500|||0,44|01|68,53|3,0000|||2,06|||
|C100|1|0||65|00|001|9594|31220741132335000140650010000095941670792425|04072022|04072022|23,40|1|0,00||23,40|9|0,00|0,00|0,00|0,00|0,00||||0,15|0,71|0,00|0,00|
|C110|000001||
|C110|000002||
|C110|000003||
|C110|000004||
|C110|000005||
|C175|5405|23,40|0,00|01|23,40|0,6500|||0,15|01|23,40|3,0000|||0,71|||
|C100|1|0||65|00|001|9595|31220741132335000140650010000095951691080685|04072022|04072022|12,83|1|0,00||12,83|9|0,00|0,00|0,00|9,03|1,63||||0,08|0,39|0,00|0,00|
|C110|000001||
|C110|000002||
|C110|000003||
|C110|000004||
|C110|000005||
|C175|5102|9,03|0,00|01|9,03|0,6500|||0,06|01|9,03|3,0000|||0,27|||
|C175|5405|3,80|0,00|01|3,80|0,6500|||0,02|01|3,80|3,0000|||0,12|||
|C100|1|0||65|00|001|9596|31220741132335000140650010000095961711368945|04072022|04072022|12,38|1|0,00||12,38|9|0,00|0,00|0,00|0,00|0,00||||0,08|0,38|0,00|0,00|
|C110|000001||
|C110|000002||
|C110|000003||
|C110|000004||
|C110|000005||
|C175|5405|12,38|0,00|01|12,38|0,6500|||0,08|01|12,38|3,0000|||0,38|||
|C100|1|0||65|00|001|9597|31220741132335000140650010000095971731657214|04072022|04072022|40,63|1|0,00||40,63|9|0,00|0,00|0,00|0,00|0,00||||0,27|1,22|0,00|0,00|
|C110|000001||
|C110|000002||
|C110|000003||
|C110|000004||
|C110|000005||
|C175|5405|40,63|0,00|01|40,63|0,6500|||0,27|01|40,63|3,0000|||1,22|||
|C100|1|0||65|00|001|9598|31220741132335000140650010000095981751945476|04072022|04072022|221,61|1|0,00||221,61|9|0,00|0,00|0,00|0,00|0,00||||1,43|6,66|0,00|0,00|
|C110|000001||
|C110|000002||
|C110|000003||
|C110|000004||
|C110|000005||
|C175|5405|221,61|0,00|01|221,61|0,6500|||1,43|01|221,61|3,0000|||6,66|||
|C100|1|0||65|00|001|9599|31220741132335000140650010000095991772233731|04072022|04072022|186,70|1|0,00||186,70|9|0,00|0,00|0,00|0,00|0,00||||1,20|5,59|0,00|0,00|
|C110|000001||
|C110|000002||
|C110|000003||
|C110|000004||
|C110|000005||
|C175|5405|186,70|0,00|01|186,70|0,6500|||1,20|01|186,70|3,0000|||5,59|||
|C100|1|0||65|00|001|9600|31220741132335000140650010000096001792521999|04072022|04072022|11,38|1|0,00||11,38|9|0,00|0,00|0,00|0,00|0,00||||0,07|0,35|0,00|0,00|
|C110|000001||
|C110|000002||
|C110|000003||
|C110|000004||
|C110|000005||
|C175|5405|11,38|0,00|01|11,38|0,6500|||0,07|01|11,38|3,0000|||0,35|||
|C100|1|0||65|00|001|9601|31220741132335000140650010000096011812810254|04072022|04072022|73,12|1|0,00||73,12|9|0,00|0,00|0,00|0,00|0,00||||0,48|2,20|0,00|0,00|
|C110|000001||
|C110|000002||
|C110|000003||
|C110|000004||
|C110|000005||
|C175|5405|73,12|0,00|01|73,12|0,6500|||0,48|01|73,12|3,0000|||2,20|||
|C100|1|0||65|00|001|9602|31220741132335000140650010000096021833098518|04072022|04072022|54,67|1|0,00||54,67|9|0,00|0,00|0,00|0,00|0,00||||0,34|1,65|0,00|0,00|
|C110|000001||
|C110|000002||
|C110|000003||
|C110|000004||
|C110|000005||
|C175|5405|54,67|0,00|01|54,67|0,6500|||0,34|01|54,67|3,0000|||1,65|||
|C100|1|0|1002|55|00|1|1714|31220741132335000140550010000017141107839381|04072022|04072022|80,82|0|0,00||80,82|1|0,00|0,00|0,00|0,00|0,00|0,00|0,00|0,00|0,52|2,42|0,00|0,00|
|C110|000001||
|C110|000002||
|C110|000003||
|C110|000004||
|C110|000005||
|C170|1|1693||1,00000|UN|65,10|0,00|0|060|5405||0,00|0,00|0,00|0,00|0,00|0,00|0|||0,00|0,00|0,00|01|65,10|0,6500|||0,42|01|65,10|3,0000|||1,95||
|C170|2|4011||1,00000|UN|15,72|0,00|0|060|5405||0,00|0,00|0,00|0,00|0,00|0,00|0|||0,00|0,00|0,00|01|15,72|0,6500|||0,10|01|15,72|3,0000|||0,47||
|C100|1|0||65|00|001|9603|31220741132335000140650010000096031853386770|04072022|04072022|50,70|1|0,00||50,70|9|0,00|0,00|0,00|0,00|0,00||||0,32|1,52|0,00|0,00|
|C110|000001||
|C110|000002||
|C110|000003||
|C110|000004||
|C110|000005||
|C175|5405|50,70|0,00|01|50,70|0,6500|||0,32|01|50,70|3,0000|||1,52|||
|C100|1|0|3253|55|00|1|1716|31220741132335000140550010000017161817293257|04072022|04072022|1890,00|1|0,00||1890,00|1|0,00|0,00|0,00|0,00|0,00|0,00|0,00|0,00|12,29|56,70|0,00|0,00|
|C110|000007||
|C110|000006||
|C110|000001||
|C110|000002||
|C110|000003||
|C110|000004||
|C110|000005||
|C170|1|329||100,00000|UN|1890,00|0,00|0|060|5405||0,00|0,00|0,00|0,00|0,00|0,00|0|||0,00|0,00|0,00|01|1890,00|0,6500|||12,29|01|1890,00|3,0000|||56,70||
|C100|1|0||65|00|001|9607|31220741132335000140650010000096071934539826|04072022|04072022|22,97|0|0,00||22,97|9|0,00|0,00|0,00|0,00|0,00||||0,16|0,70|0,00|0,00|
|C110|000001||
|C110|000002||
|C110|000003||
|C110|000004||
|C110|000005||
|C175|5405|22,97|0,00|01|22,97|0,6500|||0,16|01|22,97|3,0000|||0,70|||
|C100|1|0|3367|55|00|1|1717|31220741132335000140550010000017171150443372|04072022|04072022|1600,00|0|0,00||1600,00|1|0,00|0,00|0,00|0,00|0,00|0,00|0,00|0,00|10,40|48,00|0,00|0,00|
|C110|000006||
|C110|000001||
|C110|000002||
|C110|000003||
|C110|000004||
|C110|000005||
|C170|1|7863||4,00000|UN|1600,00|0,00|0|060|5405||0,00|0,00|0,00|0,00|0,00|0,00|0|||0,00|0,00|0,00|01|1600,00|0,6500|||10,40|01|1600,00|3,0000|||48,00||
|C100|1|0||65|00|001|9608|31220741132335000140650010000096081954828081|04072022|04072022|2770,00|0|0,00||2770,00|9|0,00|0,00|0,00|0,00|0,00||||18,01|83,09|0,00|0,00|
|C110|000001||
|C110|000002||
|C110|000003||
|C110|000004||
|C110|000005||
|C175|5405|2770,00|0,00|01|2770,00|0,6500|||18,01|01|2770,00|3,0000|||83,09|||
|C100|1|0||65|00|001|9609|31220741132335000140650010000096091975116347|04072022|04072022|269,64|0|0,00||269,64|9|0,00|0,00|0,00|0,00|0,00||||1,73|8,06|0,00|0,00|
|C110|000001||
|C110|000002||
|C110|000003||
|C110|000004||
|C110|000005||
|C175|5405|269,64|0,00|01|269,64|0,6500|||1,73|01|269,64|3,0000|||8,06|||
|C100|1|0||65|00|001|9610|31220741132335000140650010000096101995404616|04072022|04072022|38,85|1|0,00||38,85|9|0,00|0,00|0,00|0,00|0,00||||0,25|1,16|0,00|0,00|
|C110|000001||
|C110|000002||
|C110|000003||
|C110|000004||
|C110|000005||
|C175|5405|38,85|0,00|01|38,85|0,6500|||0,25|01|38,85|3,0000|||1,16|||
|C100|1|0||65|00|001|9611|31220741132335000140650010000096111015692882|04072022|04072022|107,98|1|0,00||107,98|9|0,00|0,00|0,00|0,00|0,00||||0,69|3,24|0,00|0,00|
|C110|000001||
|C110|000002||
|C110|000003||
|C110|000004||
|C110|000005||
|C175|5405|107,98|0,00|01|107,98|0,6500|||0,69|01|107,98|3,0000|||3,24|||
|C100|1|0||65|00|001|9612|31220741132335000140650010000096121035981143|04072022|04072022|32,39|1|0,00||32,39|9|0,00|0,00|0,00|14,33|2,58||||0,21|0,97|0,00|0,00|
|C110|000001||
|C110|000002||
|C110|000003||
|C110|000004||
|C110|000005||
|C175|5102|14,33|0,00|01|14,33|0,6500|||0,09|01|14,33|3,0000|||0,43|||
|C175|5405|18,06|0,00|01|18,06|0,6500|||0,12|01|18,06|3,0000|||0,54|||
|C100|1|0||65|00|001|9613|31220741132335000140650010000096131056269407|04072022|04072022|40,06|1|0,00||40,06|9|0,00|0,00|0,00|0,00|0,00||||0,26|1,20|0,00|0,00|
|C110|000001||
|C110|000002||
|C110|000003||
|C110|000004||
|C110|000005||
|C175|5405|40,06|0,00|01|40,06|0,6500|||0,26|01|40,06|3,0000|||1,20|||
|C100|1|0|3389|55|00|1|1718|31220741132335000140550010000017181617073380|04072022|04072022|85,57|1|0,00||85,57|1|0,00|0,00|0,00|0,00|0,00|0,00|0,00|0,00|0,56|2,57|0,00|0,00|
|C110|000001||
|C110|000002||
|C110|000003||
|C110|000004||
|C110|000005||
|C170|1|1915||1,00000|UN|85,57|0,00|0|060|5405||0,00|0,00|0,00|0,00|0,00|0,00|0|||0,00|0,00|0,00|01|85,57|0,6500|||0,56|01|85,57|3,0000|||2,57||
|C100|1|0||65|00|001|9614|31220741132335000140650010000096141076557669|04072022|04072022|50,26|1|0,00||50,26|9|0,00|0,00|0,00|0,00|0,00||||0,33|1,51|0,00|0,00|
|C110|000001||
|C110|000002||
|C110|000003||
|C110|000004||
|C110|000005||
|C175|5405|50,26|0,00|01|50,26|0,6500|||0,33|01|50,26|3,0000|||1,51|||
|C100|1|0||65|00|001|9615|31220741132335000140650010000096151096845926|04072022|04072022|39,71|0|0,00||39,71|9|0,00|0,00|0,00|0,00|0,00||||0,26|1,19|0,00|0,00|
|C110|000001||
|C110|000002||
|C110|000003||
|C110|000004||
|C110|000005||
|C175|5405|39,71|0,00|01|39,71|0,6500|||0,26|01|39,71|3,0000|||1,19|||
|C100|1|0||65|00|001|9616|31220741132335000140650010000096161117134192|05072022|05072022|17,02|1|0,00||17,02|9|0,00|0,00|0,00|0,00|0,00||||0,11|0,51|0,00|0,00|
|C110|000001||
|C110|000002||
|C110|000003||
|C110|000004||
|C110|000005||
|C175|5405|17,02|0,00|01|17,02|0,6500|||0,11|01|17,02|3,0000|||0,51|||
|C100|1|0||65|00|001|9617|31220741132335000140650010000096171137422450|05072022|05072022|19,64|1|0,00||19,64|9|0,00|0,00|0,00|0,00|0,00||||0,12|0,60|0,00|0,00|
|C110|000001||
|C110|000002||
|C110|000003||
|C110|000004||
|C110|000005||
|C175|5405|19,64|0,00|01|19,64|0,6500|||0,12|01|19,64|3,0000|||0,60|||
|C100|1|0||65|00|001|9618|31220741132335000140650010000096181157710717|05072022|05072022|127,41|1|0,00||127,41|9|0,00|0,00|0,00|0,00|0,00||||0,83|3,83|0,00|0,00|
|C110|000001||
|C110|000002||
|C110|000003||
|C110|000004||
|C110|000005||
|C175|5405|127,41|0,00|01|127,41|0,6500|||0,83|01|127,41|3,0000|||3,83|||
|C100|1|0||65|00|001|9619|31220741132335000140650010000096191177998977|05072022|05072022|11,37|1|0,00||11,37|9|0,00|0,00|0,00|7,57|1,36||||0,07|0,35|0,00|0,00|
|C110|000001||
|C110|000002||
|C110|000003||
|C110|000004||
|C110|000005||
|C175|5102|7,57|0,00|01|7,57|0,6500|||0,05|01|7,57|3,0000|||0,23|||
|C175|5405|3,80|0,00|01|3,80|0,6500|||0,02|01|3,80|3,0000|||0,12|||
|C100|1|0||65|00|001|9620|31220741132335000140650010000096201198287230|05072022|05072022|20,62|1|0,00||20,62|9|0,00|0,00|0,00|0,00|0,00||||0,13|0,63|0,00|0,00|
|C110|000001||
|C110|000002||
|C110|000003||
|C110|000004||
|C110|000005||
|C175|5405|20,62|0,00|01|20,62|0,6500|||0,13|01|20,62|3,0000|||0,63|||
|C100|1|0||65|00|001|9621|31220741132335000140650010000096211218575496|05072022|05072022|12,82|0|0,00||12,82|9|0,00|0,00|0,00|0,00|0,00||||0,10|0,37|0,00|0,00|
|C110|000001||
|C110|000002||
|C110|000003||
|C110|000004||
|C110|000005||
|C175|5405|12,82|0,00|01|12,82|0,6500|||0,10|01|12,82|3,0000|||0,37|||
|C100|1|0||65|00|001|9622|31220741132335000140650010000096221238863761|05072022|05072022|154,78|1|0,00||154,78|9|0,00|0,00|0,00|0,00|0,00||||1,02|4,64|0,00|0,00|
|C110|000001||
|C110|000002||
|C110|000003||
|C110|000004||
|C110|000005||
|C175|5405|154,78|0,00|01|154,78|0,6500|||1,02|01|154,78|3,0000|||4,64|||
|C100|1|0||65|00|001|9623|31220741132335000140650010000096231259152020|05072022|05072022|37,84|1|0,00||37,84|9|0,00|0,00|0,00|0,00|0,00||||0,25|1,13|0,00|0,00|
|C110|000001||
|C110|000002||
|C110|000003||
|C110|000004||
|C110|000005||
|C175|5405|37,84|0,00|01|37,84|0,6500|||0,25|01|37,84|3,0000|||1,13|||
|C100|1|0||65|00|001|9624|31220741132335000140650010000096241279440282|05072022|05072022|10,38|1|0,00||10,38|9|0,00|0,00|0,00|0,00|0,00||||0,06|0,32|0,00|0,00|
|C110|000001||
|C110|000002||
|C110|000003||
|C110|000004||
|C110|000005||
|C175|5405|10,38|0,00|01|10,38|0,6500|||0,06|01|10,38|3,0000|||0,32|||
|C100|1|0||65|00|001|9625|31220741132335000140650010000096251299728548|05072022|05072022|90,19|1|0,00||90,19|9|0,00|0,00|0,00|0,00|0,00||||0,58|2,71|0,00|0,00|
|C110|000001||
|C110|000002||
|C110|000003||
|C110|000004||
|C110|000005||
|C175|5405|90,19|0,00|01|90,19|0,6500|||0,58|01|90,19|3,0000|||2,71|||
|C100|1|0||65|00|001|9626|31220741132335000140650010000096261320016804|05072022|05072022|79,96|0|0,00||79,96|9|0,00|0,00|0,00|0,00|0,00||||0,52|2,40|0,00|0,00|
|C110|000001||
|C110|000002||
|C110|000003||
|C110|000004||
|C110|000005||
|C175|5405|79,96|0,00|01|79,96|0,6500|||0,52|01|79,96|3,0000|||2,40|||
|C100|1|0||65|00|001|9627|31220741132335000140650010000096271340305060|05072022|05072022|89,70|1|0,00||89,70|9|0,00|0,00|0,00|0,00|0,00||||0,59|2,69|0,00|0,00|
|C110|000001||
|C110|000002||
|C110|000003||
|C110|000004||
|C110|000005||
|C175|5405|89,70|0,00|01|89,70|0,6500|||0,59|01|89,70|3,0000|||2,69|||
|C100|1|0||65|00|001|9628|31220741132335000140650010000096281360593335|05072022|05072022|61,35|1|0,00||61,35|9|0,00|0,00|0,00|0,00|0,00||||0,41|1,84|0,00|0,00|
|C110|000001||
|C110|000002||
|C110|000003||
|C110|000004||
|C110|000005||
|C175|5405|61,35|0,00|01|61,35|0,6500|||0,41|01|61,35|3,0000|||1,84|||
|C100|1|0||65|00|001|9629|31220741132335000140650010000096291380881597|05072022|05072022|59,83|1|0,00||59,83|9|0,00|0,00|0,00|0,00|0,00||||0,38|1,80|0,00|0,00|
|C110|000001||
|C110|000002||
|C110|000003||
|C110|000004||
|C110|000005||
|C175|5405|59,83|0,00|01|59,83|0,6500|||0,38|01|59,83|3,0000|||1,80|||
|C100|1|0||65|00|001|9630|31220741132335000140650010000096301401169859|05072022|05072022|60,94|1|0,00||60,94|9|0,00|0,00|0,00|0,00|0,00||||0,39|1,83|0,00|0,00|
|C110|000001||
|C110|000002||
|C110|000003||
|C110|000004||
|C110|000005||
|C175|5405|60,94|0,00|01|60,94|0,6500|||0,39|01|60,94|3,0000|||1,83|||
|C100|1|0||65|00|001|9631|31220741132335000140650010000096311421458110|05072022|05072022|25,78|1|0,00||25,78|9|0,00|0,00|0,00|0,00|0,00||||0,18|0,77|0,00|0,00|
|C110|000001||
|C110|000002||
|C110|000003||
|C110|000004||
|C110|000005||
|C175|5405|25,78|0,00|01|25,78|0,6500|||0,18|01|25,78|3,0000|||0,77|||
|C100|1|0||65|00|001|9632|31220741132335000140650010000096321441746371|05072022|05072022|12,30|0|0,00||12,30|9|0,00|0,00|0,00|0,00|0,00||||0,08|0,37|0,00|0,00|
|C110|000001||
|C110|000002||
|C110|000003||
|C110|000004||
|C110|000005||
|C175|5405|12,30|0,00|01|12,30|0,6500|||0,08|01|12,30|3,0000|||0,37|||
|C100|1|0||65|00|001|9633|31220741132335000140650010000096331462034637|05072022|05072022|23,05|1|0,00||23,05|9|0,00|0,00|0,00|0,00|0,00||||0,14|0,69|0,00|0,00|
|C110|000001||
|C110|000002||
|C110|000003||
|C110|000004||
|C110|000005||
|C175|5405|23,05|0,00|01|23,05|0,6500|||0,14|01|23,05|3,0000|||0,69|||
|C100|1|0|3413|55|00|1|1722|31220741132335000140550010000017221185144720|05072022|05072022|4083,43|1|0,00||4083,43|1|0,00|0,00|0,00|4083,43|735,02|0,00|0,00|0,00|26,53|122,52|0,00|0,00|
|C110|000001||
|C110|000002||
|C110|000003||
|C110|000004||
|C110|000005||
|C170|1|7869||50,00000|UN|422,50|0,00|0|000|5102||422,50|18,00|76,05|0,00|0,00|0,00|0|||0,00|0,00|0,00|01|422,50|0,6500|||2,75|01|422,50|3,0000|||12,68||
|C170|2|7867||1,00000|UN|2749,93|0,00|0|000|5102||2749,93|18,00|494,99|0,00|0,00|0,00|0|||0,00|0,00|0,00|01|2749,93|0,6500|||17,87|01|2749,93|3,0000|||82,50||
|C170|3|7870||50,00000|UN|599,00|0,00|0|000|5102||599,00|18,00|107,82|0,00|0,00|0,00|0|||0,00|0,00|0,00|01|599,00|0,6500|||3,89|01|599,00|3,0000|||17,97||
|C170|4|7868||50,00000|UN|97,50|0,00|0|000|5102||97,50|18,00|17,55|0,00|0,00|0,00|0|||0,00|0,00|0,00|01|97,50|0,6500|||0,63|01|97,50|3,0000|||2,93||
|C170|5|7866||50,00000|UN|214,50|0,00|0|000|5102||214,50|18,00|38,61|0,00|0,00|0,00|0|||0,00|0,00|0,00|01|214,50|0,6500|||1,39|01|214,50|3,0000|||6,44||
|C100|1|0||65|00|001|9634|31220741132335000140650010000096341482322899|05072022|05072022|1724,01|1|0,00||1724,01|9|0,00|0,00|0,00|1287,43|231,73||||11,23|51,71|0,00|0,00|
|C110|000001||
|C110|000002||
|C110|000003||
|C110|000004||
|C110|000005||
|C175|5102|1287,43|0,00|01|1287,43|0,6500|||8,37|01|1287,43|3,0000|||38,62|||
|C175|5405|436,58|0,00|01|436,58|0,6500|||2,86|01|436,58|3,0000|||13,09|||
|C100|1|0||65|00|001|9635|31220741132335000140650010000096351502611162|05072022|05072022|32,26|1|0,00||32,26|9|0,00|0,00|0,00|0,00|0,00||||0,20|0,97|0,00|0,00|
|C110|000001||
|C110|000002||
|C110|000003||
|C110|000004||
|C110|000005||
|C175|5405|32,26|0,00|01|32,26|0,6500|||0,20|01|32,26|3,0000|||0,97|||
|C100|1|0||65|00|001|9636|31220741132335000140650010000096361522899428|05072022|05072022|17,39|1|0,00||17,39|9|0,00|0,00|0,00|0,00|0,00||||0,11|0,53|0,00|0,00|
|C110|000001||
|C110|000002||
|C110|000003||
|C110|000004||
|C110|000005||
|C175|5405|17,39|0,00|01|17,39|0,6500|||0,11|01|17,39|3,0000|||0,53|||
|C100|1|0||65|00|001|9637|31220741132335000140650010000096371543187688|05072022|05072022|127,61|1|0,00||127,61|9|0,00|0,00|0,00|0,00|0,00||||0,83|3,83|0,00|0,00|
|C110|000001||
|C110|000002||
|C110|000003||
|C110|000004||
|C110|000005||
|C175|5405|127,61|0,00|01|127,61|0,6500|||0,83|01|127,61|3,0000|||3,83|||
|C100|1|0||65|00|001|9638|31220741132335000140650010000096381563475945|05072022|05072022|94,90|0|0,00||94,90|9|0,00|0,00|0,00|0,00|0,00||||0,62|2,85|0,00|0,00|
|C110|000001||
|C110|000002||
|C110|000003||
|C110|000004||
|C110|000005||
|C175|5405|94,90|0,00|01|94,90|0,6500|||0,62|01|94,90|3,0000|||2,85|||
|C100|1|0||65|00|001|9639|31220741132335000140650010000096391583764206|05072022|05072022|17,17|1|0,00||17,17|9|0,00|0,00|0,00|0,00|0,00||||0,10|0,51|0,00|0,00|
|C110|000001||
|C110|000002||
|C110|000003||
|C110|000004||
|C110|000005||
|C175|5405|17,17|0,00|01|17,17|0,6500|||0,10|01|17,17|3,0000|||0,51|||
|C100|1|0||65|00|001|9640|31220741132335000140650010000096401604052464|06072022|06072022|1537,00|0|0,00||1537,00|9|0,00|0,00|0,00|0,00|0,00||||10,00|46,10|0,00|0,00|
|C110|000001||
|C110|000002||
|C110|000003||
|C110|000004||
|C110|000005||
|C175|5405|1537,00|0,00|01|1537,00|0,6500|||10,00|01|1537,00|3,0000|||46,10|||
|C100|1|0|2031|55|00|1|1723|31220741132335000140550010000017231167055157|06072022|06072022|856,16|1|0,00||856,16|1|0,00|0,00|0,00|42,00|7,56|0,00|0,00|0,00|5,56|25,66|0,00|0,00|
|C110|000006||
|C110|000001||
|C110|000002||
|C110|000003||
|C110|000004||
|C110|000005||
|C170|1|470||6,00000|UN|3,60|0,00|0|060|5405||0,00|0,00|0,00|0,00|0,00|0,00|0|||0,00|0,00|0,00|01|3,60|0,6500|||0,02|01|3,60|3,0000|||0,11||
|C170|2|5043||3,00000|MT|46,38|0,00|0|060|5405||0,00|0,00|0,00|0,00|0,00|0,00|0|||0,00|0,00|0,00|01|46,38|0,6500|||0,30|01|46,38|3,0000|||1,39||
|C170|3|2132||2,00000|UN|7,80|0,00|0|060|5405||0,00|0,00|0,00|0,00|0,00|0,00|0|||0,00|0,00|0,00|01|7,80|0,6500|||0,05|01|7,80|3,0000|||0,23||
|C170|4|6268||35,00000|UN|42,00|0,00|0|000|5102||42,00|18,00|7,56|0,00|0,00|0,00|0|||0,00|0,00|0,00|01|42,00|0,6500|||0,27|01|42,00|3,0000|||1,26||
|C170|5|586||50,00000|MT|538,00|0,00|0|060|5405||0,00|0,00|0,00|0,00|0,00|0,00|0|||0,00|0,00|0,00|01|538,00|0,6500|||3,50|01|538,00|3,0000|||16,14||
|C170|6|2447||4,00000|UN|30,80|0,00|0|060|5405||0,00|0,00|0,00|0,00|0,00|0,00|0|||0,00|0,00|0,00|01|30,80|0,6500|||0,20|01|30,80|3,0000|||0,92||
|C170|7|2398||2,00000|UN|79,80|0,00|0|060|5405||0,00|0,00|0,00|0,00|0,00|0,00|0|||0,00|0,00|0,00|01|79,80|0,6500|||0,52|01|79,80|3,0000|||2,39||
|C170|8|157||3,00000|MT|46,38|0,00|0|060|5405||0,00|0,00|0,00|0,00|0,00|0,00|0|||0,00|0,00|0,00|01|46,38|0,6500|||0,30|01|46,38|3,0000|||1,39||
|C170|9|2131||2,00000|UN|7,80|0,00|0|060|5405||0,00|0,00|0,00|0,00|0,00|0,00|0|||0,00|0,00|0,00|01|7,80|0,6500|||0,05|01|7,80|3,0000|||0,23||
|C170|10|2447||4,00000|UN|30,80|0,00|0|060|5405||0,00|0,00|0,00|0,00|0,00|0,00|0|||0,00|0,00|0,00|01|30,80|0,6500|||0,20|01|30,80|3,0000|||0,92||
|C170|11|470||38,00000|UN|22,80|0,00|0|060|5405||0,00|0,00|0,00|0,00|0,00|0,00|0|||0,00|0,00|0,00|01|22,80|0,6500|||0,15|01|22,80|3,0000|||0,68||
|C100|1|0||65|00|001|9641|31220741132335000140650010000096411624340730|06072022|06072022|70,00|0|0,00||70,00|9|0,00|0,00|0,00|0,00|0,00||||0,46|2,09|0,00|0,00|
|C110|000001||
|C110|000002||
|C110|000003||
|C110|000004||
|C110|000005||
|C175|5405|70,00|0,00|01|70,00|0,6500|||0,46|01|70,00|3,0000|||2,09|||
|C100|1|0||65|00|001|9642|31220741132335000140650010000096421644628990|06072022|06072022|385,08|0|0,00||385,08|9|0,00|0,00|0,00|0,00|0,00||||2,50|11,55|0,00|0,00|
|C110|000001||
|C110|000002||
|C110|000003||
|C110|000004||
|C110|000005||
|C175|5405|385,08|0,00|01|385,08|0,6500|||2,50|01|385,08|3,0000|||11,55|||
|C100|1|0||65|00|001|9643|31220741132335000140650010000096431664917250|06072022|06072022|25,80|0|0,00||25,80|9|0,00|0,00|0,00|20,88|3,75||||0,19|0,77|0,00|0,00|
|C110|000001||
|C110|000002||
|C110|000003||
|C110|000004||
|C110|000005||
|C175|5102|20,88|0,00|01|20,88|0,6500|||0,15|01|20,88|3,0000|||0,63|||
|C175|5405|4,92|0,00|01|4,92|0,6500|||0,04|01|4,92|3,0000|||0,14|||
|C100|1|0||65|00|001|9644|31220741132335000140650010000096441685205516|06072022|06072022|159,45|0|0,00||159,45|9|0,00|0,00|0,00|0,00|0,00||||1,04|4,78|0,00|0,00|
|C110|000001||
|C110|000002||
|C110|000003||
|C110|000004||
|C110|000005||
|C175|5405|159,45|0,00|01|159,45|0,6500|||1,04|01|159,45|3,0000|||4,78|||
|C100|1|0||65|00|001|9645|31220741132335000140650010000096451705493772|06072022|06072022|247,95|0|0,00||247,95|9|0,00|0,00|0,00|0,00|0,00||||1,61|7,44|0,00|0,00|
|C110|000001||
|C110|000002||
|C110|000003||
|C110|000004||
|C110|000005||
|C175|5405|247,95|0,00|01|247,95|0,6500|||1,61|01|247,95|3,0000|||7,44|||
|C100|1|0||65|00|001|9646|31220741132335000140650010000096461725782033|06072022|06072022|108,90|0|0,00||108,90|9|0,00|0,00|0,00|0,00|0,00||||0,70|3,27|0,00|0,00|
|C110|000001||
|C110|000002||
|C110|000003||
|C110|000004||
|C110|000005||
|C175|5405|108,90|0,00|01|108,90|0,6500|||0,70|01|108,90|3,0000|||3,27|||
|C100|1|0||65|00|001|9647|31220741132335000140650010000096471746070307|06072022|06072022|121,24|1|0,00||121,24|9|0,00|0,00|0,00|44,34|7,98||||0,79|3,64|0,00|0,00|
|C110|000001||
|C110|000002||
|C110|000003||
|C110|000004||
|C110|000005||
|C175|5102|44,34|0,00|01|44,34|0,6500|||0,29|01|44,34|3,0000|||1,33|||
|C175|5405|76,90|0,00|01|76,90|0,6500|||0,50|01|76,90|3,0000|||2,31|||
|C100|1|0||65|00|001|9648|31220741132335000140650010000096481766358567|06072022|06072022|90,08|1|0,00||90,08|9|0,00|0,00|0,00|0,00|0,00||||0,58|2,70|0,00|0,00|
|C110|000001||
|C110|000002||
|C110|000003||
|C110|000004||
|C110|000005||
|C175|5405|90,08|0,00|01|90,08|0,6500|||0,58|01|90,08|3,0000|||2,70|||
|C100|1|0||65|00|001|9649|31220741132335000140650010000096491786646824|06072022|06072022|85,47|1|0,00||85,47|9|0,00|0,00|0,00|7,59|1,37||||0,55|2,58|0,00|0,00|
|C110|000001||
|C110|000002||
|C110|000003||
|C110|000004||
|C110|000005||
|C175|5102|7,59|0,00|01|7,59|0,6500|||0,05|01|7,59|3,0000|||0,23|||
|C175|5405|77,88|0,00|01|77,88|0,6500|||0,50|01|77,88|3,0000|||2,35|||
|C100|1|0||65|00|001|9650|31220741132335000140650010000096501806935088|06072022|06072022|3,40|1|0,00||3,40|9|0,00|0,00|0,00|1,50|0,27||||0,02|0,11|0,00|0,00|
|C110|000001||
|C110|000002||
|C110|000003||
|C110|000004||
|C110|000005||
|C175|5102|1,50|0,00|01|1,50|0,6500|||0,01|01|1,50|3,0000|||0,05|||
|C175|5405|1,90|0,00|01|1,90|0,6500|||0,01|01|1,90|3,0000|||0,06|||
|C100|1|0||65|00|001|9651|31220741132335000140650010000096511827223343|06072022|06072022|54,13|1|0,00||54,13|9|0,00|0,00|0,00|0,00|0,00||||0,35|1,61|0,00|0,00|
|C110|000001||
|C110|000002||
|C110|000003||
|C110|000004||
|C110|000005||
|C175|5405|54,13|0,00|01|54,13|0,6500|||0,35|01|54,13|3,0000|||1,61|||
|C100|1|0||65|00|001|9652|31220741132335000140650010000096521847511600|06072022|06072022|46,29|1|0,00||46,29|9|0,00|0,00|0,00|0,00|0,00||||0,29|1,39|0,00|0,00|
|C110|000001||
|C110|000002||
|C110|000003||
|C110|000004||
|C110|000005||
|C175|5405|46,29|0,00|01|46,29|0,6500|||0,29|01|46,29|3,0000|||1,39|||
|C100|1|0||65|00|001|9653|31220741132335000140650010000096531867799879|06072022|06072022|28,66|1|0,00||28,66|9|0,00|0,00|0,00|0,00|0,00||||0,19|0,86|0,00|0,00|
|C110|000001||
|C110|000002||
|C110|000003||
|C110|000004||
|C110|000005||
|C175|5405|28,66|0,00|01|28,66|0,6500|||0,19|01|28,66|3,0000|||0,86|||
|C100|1|0||65|00|001|9654|31220741132335000140650010000096541888088138|06072022|06072022|320,55|1|0,00||320,55|9|0,00|0,00|0,00|0,00|0,00||||2,10|9,60|0,00|0,00|
|C110|000001||
|C110|000002||
|C110|000003||
|C110|000004||
|C110|000005||
|C175|5405|320,55|0,00|01|320,55|0,6500|||2,10|01|320,55|3,0000|||9,60|||
|C100|1|0||65|00|001|9655|31220741132335000140650010000096551908376394|06072022|06072022|95,65|1|0,00||95,65|9|0,00|0,00|0,00|0,00|0,00||||0,62|2,87|0,00|0,00|
|C110|000001||
|C110|000002||
|C110|000003||
|C110|000004||
|C110|000005||
|C175|5405|95,65|0,00|01|95,65|0,6500|||0,62|01|95,65|3,0000|||2,87|||
|C100|1|0||65|00|001|9656|31220741132335000140650010000096561928664651|06072022|06072022|78,08|0|0,00||78,08|9|0,00|0,00|0,00|0,00|0,00||||0,50|2,34|0,00|0,00|
|C110|000001||
|C110|000002||
|C110|000003||
|C110|000004||
|C110|000005||
|C175|5405|78,08|0,00|01|78,08|0,6500|||0,50|01|78,08|3,0000|||2,34|||
|C100|1|0||65|00|001|9657|31220741132335000140650010000096571948952919|06072022|06072022|247,00|0|0,00||247,00|9|0,00|0,00|0,00|0,00|0,00||||1,62|7,42|0,00|0,00|
|C110|000001||
|C110|000002||
|C110|000003||
|C110|000004||
|C110|000005||
|C175|5405|247,00|0,00|01|247,00|0,6500|||1,62|01|247,00|3,0000|||7,42|||
|C100|1|0|3401|55|00|1|1728|31220741132335000140550010000017281063415153|06072022|06072022|477,25|1|0,00||477,25|1|0,00|0,00|0,00|245,25|44,15|0,00|0,00|0,00|3,10|14,32|0,00|0,00|
|C110|000001||
|C110|000002||
|C110|000003||
|C110|000004||
|C110|000005||
|C170|1|1535||15,00000|UN|245,25|0,00|0|000|5102||245,25|18,00|44,15|0,00|0,00|0,00|0|||0,00|0,00|0,00|01|245,25|0,6500|||1,59|01|245,25|3,0000|||7,36||
|C170|2|1038||1,00000|UN|232,00|0,00|0|060|5405||0,00|0,00|0,00|0,00|0,00|0,00|0|||0,00|0,00|0,00|01|232,00|0,6500|||1,51|01|232,00|3,0000|||6,96||
|C100|1|0||65|00|001|9658|31220741132335000140650010000096581969241172|06072022|06072022|1760,00|0|0,00||1760,00|9|0,00|0,00|0,00|4,60|0,83||||11,49|52,84|0,00|0,00|
|C110|000001||
|C110|000002||
|C110|000003||
|C110|000004||
|C110|000005||
|C175|5102|4,60|0,00|01|4,60|0,6500|||0,03|01|4,60|3,0000|||0,14|||
|C175|5405|1755,40|0,00|01|1755,40|0,6500|||11,46|01|1755,40|3,0000|||52,70|||
|C100|1|0||65|00|001|9659|31220741132335000140650010000096591989529446|06072022|06072022|56,56|1|0,00||56,56|9|0,00|0,00|0,00|0,00|0,00||||0,36|1,71|0,00|0,00|
|C110|000001||
|C110|000002||
|C110|000003||
|C110|000004||
|C110|000005||
|C175|5405|56,56|0,00|01|56,56|0,6500|||0,36|01|56,56|3,0000|||1,71|||
|C100|1|0|3081|55|00|1|1729|31220741132335000140550010000017291591459620|06072022|06072022|60,13|1|0,00||60,13|1|0,00|0,00|0,00|60,13|10,82|0,00|0,00|0,00|0,39|1,80|0,00|0,00|
|C110|000006||
|C110|000001||
|C110|000002||
|C110|000003||
|C110|000004||
|C110|000005||
|C170|1|461||1,00000|UN|60,13|0,00|0|000|5102||60,13|18,00|10,82|0,00|0,00|0,00|0|||0,00|0,00|0,00|01|60,13|0,6500|||0,39|01|60,13|3,0000|||1,80||
|C100|1|0||65|00|001|9660|31220741132335000140650010000096601009817711|06072022|06072022|106,73|1|0,00||106,73|9|0,00|0,00|0,00|0,00|0,00||||0,66|3,23|0,00|0,00|
|C110|000001||
|C110|000002||
|C110|000003||
|C110|000004||
|C110|000005||
|C175|5405|106,73|0,00|01|106,73|0,6500|||0,66|01|106,73|3,0000|||3,23|||
|C100|1|0||65|00|001|9661|31220741132335000140650010000096611030105978|06072022|06072022|94,95|0|0,00||94,95|9|0,00|0,00|0,00|0,00|0,00||||0,62|2,87|0,00|0,00|
|C110|000001||
|C110|000002||
|C110|000003||
|C110|000004||
|C110|000005||
|C175|5405|94,95|0,00|01|94,95|0,6500|||0,62|01|94,95|3,0000|||2,87|||
|C100|1|0||65|00|001|9663|31220741132335000140650010000096631070682490|06072022|06072022|91,65|1|0,00||91,65|9|0,00|0,00|0,00|0,00|0,00||||0,58|2,76|0,00|0,00|
|C110|000001||
|C110|000002||
|C110|000003||
|C110|000004||
|C110|000005||
|C175|5405|91,65|0,00|01|91,65|0,6500|||0,58|01|91,65|3,0000|||2,76|||
|C100|1|0||65|00|001|9664|31220741132335000140650010000096641090970758|06072022|06072022|97,90|1|0,00||97,90|9|0,00|0,00|0,00|0,00|0,00||||0,63|2,95|0,00|0,00|
|C110|000001||
|C110|000002||
|C110|000003||
|C110|000004||
|C110|000005||
|C175|5405|97,90|0,00|01|97,90|0,6500|||0,63|01|97,90|3,0000|||2,95|||
|C100|1|0||65|00|001|9665|31220741132335000140650010000096651111259010|06072022|06072022|31,70|1|0,00||31,70|9|0,00|0,00|0,00|13,24|2,38||||0,21|0,96|0,00|0,00|
|C110|000001||
|C110|000002||
|C110|000003||
|C110|000004||
|C110|000005||
|C175|5102|13,24|0,00|01|13,24|0,6500|||0,09|01|13,24|3,0000|||0,40|||
|C175|5405|18,46|0,00|01|18,46|0,6500|||0,12|01|18,46|3,0000|||0,56|||
|C100|1|0||65|00|001|9666|31220741132335000140650010000096661131547280|06072022|06072022|88,84|1|0,00||88,84|9|0,00|0,00|0,00|0,00|0,00||||0,58|2,66|0,00|0,00|
|C110|000001||
|C110|000002||
|C110|000003||
|C110|000004||
|C110|000005||
|C175|5405|88,84|0,00|01|88,84|0,6500|||0,58|01|88,84|3,0000|||2,66|||
|C100|1|0||65|00|001|9667|31220741132335000140650010000096671151835547|06072022|06072022|101,49|1|0,00||101,49|9|0,00|0,00|0,00|0,00|0,00||||0,66|3,06|0,00|0,00|
|C110|000001||
|C110|000002||
|C110|000003||
|C110|000004||
|C110|000005||
|C175|5405|101,49|0,00|01|101,49|0,6500|||0,66|01|101,49|3,0000|||3,06|||
|C100|1|0||65|00|001|9668|31220741132335000140650010000096681172123802|06072022|06072022|104,70|1|0,00||104,70|9|0,00|0,00|0,00|0,00|0,00||||0,68|3,15|0,00|0,00|
|C110|000001||
|C110|000002||
|C110|000003||
|C110|000004||
|C110|000005||
|C175|5405|104,70|0,00|01|104,70|0,6500|||0,68|01|104,70|3,0000|||3,15|||
|C100|1|0||65|00|001|9669|31220741132335000140650010000096691192412068|06072022|06072022|329,65|1|0,00||329,65|9|0,00|0,00|0,00|0,00|0,00||||2,16|9,90|0,00|0,00|
|C110|000001||
|C110|000002||
|C110|000003||
|C110|000004||
|C110|000005||
|C175|5405|329,65|0,00|01|329,65|0,6500|||2,16|01|329,65|3,0000|||9,90|||
|C100|1|0||65|00|001|9670|31220741132335000140650010000096701212700323|06072022|06072022|27,49|1|0,00||27,49|9|0,00|0,00|0,00|0,00|0,00||||0,18|0,83|0,00|0,00|
|C110|000001||
|C110|000002||
|C110|000003||
|C110|000004||
|C110|000005||
|C175|5405|27,49|0,00|01|27,49|0,6500|||0,18|01|27,49|3,0000|||0,83|||
|C100|1|0||65|00|001|9671|31220741132335000140650010000096711232988583|06072022|06072022|279,72|1|0,00||279,72|9|0,00|0,00|0,00|0,00|0,00||||1,82|8,40|0,00|0,00|
|C110|000001||
|C110|000002||
|C110|000003||
|C110|000004||
|C110|000005||
|C175|5405|279,72|0,00|01|279,72|0,6500|||1,82|01|279,72|3,0000|||8,40|||
|C100|1|0||65|00|001|9672|31220741132335000140650010000096721253276857|06072022|06072022|74,33|1|0,00||74,33|9|0,00|0,00|0,00|0,00|0,00||||0,48|2,25|0,00|0,00|
|C110|000001||
|C110|000002||
|C110|000003||
|C110|000004||
|C110|000005||
|C175|5405|74,33|0,00|01|74,33|0,6500|||0,48|01|74,33|3,0000|||2,25|||
|C100|1|0|566|55|00|1|1732|31220741132335000140550010000017321627345942|06072022|06072022|1217,40|1|0,00||1217,40|1|0,00|0,00|0,00|0,00|0,00|0,00|0,00|0,00|7,91|36,52|0,00|0,00|
|C110|000006||
|C110|000001||
|C110|000002||
|C110|000003||
|C110|000004||
|C110|000005||
|C170|1|5620||6,00000|UN|1217,40|0,00|0|060|5405||0,00|0,00|0,00|0,00|0,00|0,00|0|||0,00|0,00|0,00|01|1217,40|0,6500|||7,91|01|1217,40|3,0000|||36,52||
|C100|1|0||65|00|001|9673|31220741132335000140650010000096731273565118|07072022|07072022|200,00|1|0,00||200,00|9|0,00|0,00|0,00|9,60|1,73||||1,28|5,98|0,00|0,00|
|C110|000001||
|C110|000002||
|C110|000003||
|C110|000004||
|C110|000005||
|C175|5102|9,60|0,00|01|9,60|0,6500|||0,06|01|9,60|3,0000|||0,29|||
|C175|5405|190,40|0,00|01|190,40|0,6500|||1,22|01|190,40|3,0000|||5,69|||
|C100|1|0|805|55|00|1|1734|31220741132335000140550010000017341516817042|07072022|07072022|3674,00|1|0,00||3674,00|1|0,00|0,00|0,00|3674,00|661,32|0,00|0,00|0,00|23,88|110,22|0,00|0,00|
|C110|000006||
|C110|000008||
|C110|000001||
|C110|000002||
|C110|000003||
|C110|000004||
|C110|000005||
|C170|1|107||167,00000|UN|3674,00|0,00|0|000|5102||3674,00|18,00|661,32|0,00|0,00|0,00|0|||0,00|0,00|0,00|01|3674,00|0,6500|||23,88|01|3674,00|3,0000|||110,22||
|C100|1|0||65|00|001|9674|31220741132335000140650010000096741293853370|07072022|07072022|90,79|1|0,00||90,79|9|0,00|0,00|0,00|58,79|10,58||||0,59|2,72|0,00|0,00|
|C110|000001||
|C110|000002||
|C110|000003||
|C110|000004||
|C110|000005||
|C175|5102|58,79|0,00|01|58,79|0,6500|||0,38|01|58,79|3,0000|||1,76|||
|C175|5405|32,00|0,00|01|32,00|0,6500|||0,21|01|32,00|3,0000|||0,96|||
|C100|1|0||65|00|001|9675|31220741132335000140650010000096751314141630|07072022|07072022|6,40|1|0,00||6,40|9|0,00|0,00|0,00|0,00|0,00||||0,04|0,20|0,00|0,00|
|C110|000001||
|C110|000002||
|C110|000003||
|C110|000004||
|C110|000005||
|C175|5405|6,40|0,00|01|6,40|0,6500|||0,04|01|6,40|3,0000|||0,20|||
|C100|1|0||65|00|001|9676|31220741132335000140650010000096761334429890|07072022|07072022|78,16|1|0,00||78,16|9|0,00|0,00|0,00|20,48|3,69||||0,50|2,35|0,00|0,00|
|C110|000001||
|C110|000002||
|C110|000003||
|C110|000004||
|C110|000005||
|C175|5102|20,48|0,00|01|20,48|0,6500|||0,13|01|20,48|3,0000|||0,61|||
|C175|5405|57,68|0,00|01|57,68|0,6500|||0,37|01|57,68|3,0000|||1,74|||
|C100|1|0||65|00|001|9677|31220741132335000140650010000096771354718150|07072022|07072022|232,58|1|0,00||232,58|9|0,00|0,00|0,00|0,00|0,00||||1,49|6,98|0,00|0,00|
|C110|000001||
|C110|000002||
|C110|000003||
|C110|000004||
|C110|000005||
|C175|5405|232,58|0,00|01|232,58|0,6500|||1,49|01|232,58|3,0000|||6,98|||
|C100|1|0||65|00|001|9678|31220741132335000140650010000096781375006424|07072022|07072022|65,32|1|0,00||65,32|9|0,00|0,00|0,00|0,00|0,00||||0,43|1,96|0,00|0,00|
|C110|000001||
|C110|000002||
|C110|000003||
|C110|000004||
|C110|000005||
|C175|5405|65,32|0,00|01|65,32|0,6500|||0,43|01|65,32|3,0000|||1,96|||
|C100|1|0||65|00|001|9679|31220741132335000140650010000096791395294686|07072022|07072022|28,91|1|0,00||28,91|9|0,00|0,00|0,00|20,92|3,77||||0,19|0,87|0,00|0,00|
|C110|000001||
|C110|000002||
|C110|000003||
|C110|000004||
|C110|000005||
|C175|5102|20,92|0,00|01|20,92|0,6500|||0,14|01|20,92|3,0000|||0,63|||
|C175|5405|7,99|0,00|01|7,99|0,6500|||0,05|01|7,99|3,0000|||0,24|||
|C100|1|0||65|00|001|9680|31220741132335000140650010000096801415582941|07072022|07072022|134,35|1|0,00||134,35|9|0,00|0,00|0,00|26,51|4,77||||0,89|4,03|0,00|0,00|
|C110|000001||
|C110|000002||
|C110|000003||
|C110|000004||
|C110|000005||
|C175|5102|26,51|0,00|01|26,51|0,6500|||0,18|01|26,51|3,0000|||0,80|||
|C175|5405|107,84|0,00|01|107,84|0,6500|||0,71|01|107,84|3,0000|||3,23|||
|C100|1|0||65|00|001|9681|31220741132335000140650010000096811435871202|07072022|07072022|41,41|1|0,00||41,41|9|0,00|0,00|0,00|5,58|1,00||||0,29|1,24|0,00|0,00|
|C110|000001||
|C110|000002||
|C110|000003||
|C110|000004||
|C110|000005||
|C175|5102|5,58|0,00|01|5,58|0,6500|||0,04|01|5,58|3,0000|||0,17|||
|C175|5405|35,83|0,00|01|35,83|0,6500|||0,25|01|35,83|3,0000|||1,07|||
|C100|1|0||65|00|001|9682|31220741132335000140650010000096821456159460|07072022|07072022|41,41|1|0,00||41,41|9|0,00|0,00|0,00|5,58|1,00||||0,29|1,24|0,00|0,00|
|C110|000001||
|C110|000002||
|C110|000003||
|C110|000004||
|C110|000005||
|C175|5102|5,58|0,00|01|5,58|0,6500|||0,04|01|5,58|3,0000|||0,17|||
|C175|5405|35,83|0,00|01|35,83|0,6500|||0,25|01|35,83|3,0000|||1,07|||
|C100|1|0||65|00|001|9683|31220741132335000140650010000096831476447728|07072022|07072022|35,98|1|0,00||35,98|9|0,00|0,00|0,00|0,00|0,00||||0,24|1,08|0,00|0,00|
|C110|000001||
|C110|000002||
|C110|000003||
|C110|000004||
|C110|000005||
|C175|5405|35,98|0,00|01|35,98|0,6500|||0,24|01|35,98|3,0000|||1,08|||
|C100|1|0||65|00|001|9684|31220741132335000140650010000096841496735998|07072022|07072022|29,18|1|0,00||29,18|9|0,00|0,00|0,00|26,47|4,76||||0,20|0,88|0,00|0,00|
|C110|000001||
|C110|000002||
|C110|000003||
|C110|000004||
|C110|000005||
|C175|5102|26,47|0,00|01|26,47|0,6500|||0,18|01|26,47|3,0000|||0,80|||
|C175|5405|2,71|0,00|01|2,71|0,6500|||0,02|01|2,71|3,0000|||0,08|||
|C100|1|0||65|00|001|9685|31220741132335000140650010000096851517024251|07072022|07072022|13,33|1|0,00||13,33|9|0,00|0,00|0,00|0,00|0,00||||0,09|0,40|0,00|0,00|
|C110|000001||
|C110|000002||
|C110|000003||
|C110|000004||
|C110|000005||
|C175|5405|13,33|0,00|01|13,33|0,6500|||0,09|01|13,33|3,0000|||0,40|||
|C100|1|0||65|00|001|9686|31220741132335000140650010000096861537312519|07072022|07072022|34,95|1|0,00||34,95|9|0,00|0,00|0,00|26,47|4,76||||0,24|1,06|0,00|0,00|
|C110|000001||
|C110|000002||
|C110|000003||
|C110|000004||
|C110|000005||
|C175|5102|26,47|0,00|01|26,47|0,6500|||0,18|01|26,47|3,0000|||0,80|||
|C175|5405|8,48|0,00|01|8,48|0,6500|||0,06|01|8,48|3,0000|||0,26|||
|C100|1|0||65|00|001|9687|31220741132335000140650010000096871557600770|07072022|07072022|28,67|1|0,00||28,67|9|0,00|0,00|0,00|0,00|0,00||||0,18|0,87|0,00|0,00|
|C110|000001||
|C110|000002||
|C110|000003||
|C110|000004||
|C110|000005||
|C175|5405|28,67|0,00|01|28,67|0,6500|||0,18|01|28,67|3,0000|||0,87|||
|C100|1|0||65|00|001|9688|31220741132335000140650010000096881577889030|07072022|07072022|6,36|1|0,00||6,36|9|0,00|0,00|0,00|0,00|0,00||||0,04|0,20|0,00|0,00|
|C110|000001||
|C110|000002||
|C110|000003||
|C110|000004||
|C110|000005||
|C175|5405|6,36|0,00|01|6,36|0,6500|||0,04|01|6,36|3,0000|||0,20|||
|C100|1|0||65|00|001|9691|31220741132335000140650010000096911638753820|07072022|07072022|1955,71|1|0,00||1955,71|9|0,00|0,00|0,00|0,00|0,00||||12,64|58,66|0,00|0,00|
|C110|000001||
|C110|000002||
|C110|000003||
|C110|000004||
|C110|000005||
|C175|5405|1955,71|0,00|01|1955,71|0,6500|||12,64|01|1955,71|3,0000|||58,66|||
|C100|1|0||65|00|001|9692|31220741132335000140650010000096921659042084|07072022|07072022|43,26|1|0,00||43,26|9|0,00|0,00|0,00|0,00|0,00||||0,28|1,31|0,00|0,00|
|C110|000001||
|C110|000002||
|C110|000003||
|C110|000004||
|C110|000005||
|C175|5405|43,26|0,00|01|43,26|0,6500|||0,28|01|43,26|3,0000|||1,31|||
|C100|1|0||65|00|001|9693|31220741132335000140650010000096931679330341|07072022|07072022|102,00|1|0,00||102,00|9|0,00|0,00|0,00|0,00|0,00||||0,65|3,09|0,00|0,00|
|C110|000001||
|C110|000002||
|C110|000003||
|C110|000004||
|C110|000005||
|C175|5405|102,00|0,00|01|102,00|0,6500|||0,65|01|102,00|3,0000|||3,09|||
|C100|1|0||65|00|001|9694|31220741132335000140650010000096941699618607|07072022|07072022|31,70|1|0,00||31,70|9|0,00|0,00|0,00|0,00|0,00||||0,20|0,95|0,00|0,00|
|C110|000001||
|C110|000002||
|C110|000003||
|C110|000004||
|C110|000005||
|C175|5405|31,70|0,00|01|31,70|0,6500|||0,20|01|31,70|3,0000|||0,95|||
|C100|1|0||65|00|001|9695|31220741132335000140650010000096951719906863|07072022|07072022|13,90|1|0,00||13,90|9|0,00|0,00|0,00|0,00|0,00||||0,09|0,42|0,00|0,00|
|C110|000001||
|C110|000002||
|C110|000003||
|C110|000004||
|C110|000005||
|C175|5405|13,90|0,00|01|13,90|0,6500|||0,09|01|13,90|3,0000|||0,42|||
|C100|1|0||65|00|001|9696|31220741132335000140650010000096961740195137|07072022|07072022|16,15|1|0,00||16,15|9|0,00|0,00|0,00|12,26|2,21||||0,10|0,49|0,00|0,00|
|C110|000001||
|C110|000002||
|C110|000003||
|C110|000004||
|C110|000005||
|C175|5102|12,26|0,00|01|12,26|0,6500|||0,08|01|12,26|3,0000|||0,37|||
|C175|5405|3,89|0,00|01|3,89|0,6500|||0,02|01|3,89|3,0000|||0,12|||
|C100|1|0||65|00|001|9697|31220741132335000140650010000096971760483399|07072022|07072022|161,57|1|0,00||161,57|9|0,00|0,00|0,00|6,75|1,22||||1,04|4,84|0,00|0,00|
|C110|000001||
|C110|000002||
|C110|000003||
|C110|000004||
|C110|000005||
|C175|5102|6,75|0,00|01|6,75|0,6500|||0,04|01|6,75|3,0000|||0,20|||
|C175|5405|154,82|0,00|01|154,82|0,6500|||1,00|01|154,82|3,0000|||4,64|||
|C100|1|0||65|00|001|9698|31220741132335000140650010000096981780771656|07072022|07072022|19,69|1|0,00||19,69|9|0,00|0,00|0,00|6,75|1,22||||0,13|0,59|0,00|0,00|
|C110|000001||
|C110|000002||
|C110|000003||
|C110|000004||
|C110|000005||
|C175|5102|6,75|0,00|01|6,75|0,6500|||0,04|01|6,75|3,0000|||0,20|||
|C175|5405|12,94|0,00|01|12,94|0,6500|||0,09|01|12,94|3,0000|||0,39|||
|C100|1|0||65|00|001|9699|31220741132335000140650010000096991801059914|07072022|07072022|17,82|1|0,00||17,82|9|0,00|0,00|0,00|0,00|0,00||||0,11|0,54|0,00|0,00|
|C110|000001||
|C110|000002||
|C110|000003||
|C110|000004||
|C110|000005||
|C175|5405|17,82|0,00|01|17,82|0,6500|||0,11|01|17,82|3,0000|||0,54|||
|C100|1|0||65|00|001|9700|31220741132335000140650010000097001821348175|07072022|07072022|15,61|1|0,00||15,61|9|0,00|0,00|0,00|0,00|0,00||||0,09|0,48|0,00|0,00|
|C110|000001||
|C110|000002||
|C110|000003||
|C110|000004||
|C110|000005||
|C175|5405|15,61|0,00|01|15,61|0,6500|||0,09|01|15,61|3,0000|||0,48|||
|C100|1|0||65|00|001|9701|31220741132335000140650010000097011841636432|07072022|07072022|219,23|1|0,00||219,23|9|0,00|0,00|0,00|0,00|0,00||||1,41|6,58|0,00|0,00|
|C110|000001||
|C110|000002||
|C110|000003||
|C110|000004||
|C110|000005||
|C175|5405|219,23|0,00|01|219,23|0,6500|||1,41|01|219,23|3,0000|||6,58|||
|C100|1|0||65|00|001|9702|31220741132335000140650010000097021861924694|07072022|07072022|77,60|1|0,00||77,60|9|0,00|0,00|0,00|37,20|6,70||||0,50|2,34|0,00|0,00|
|C110|000001||
|C110|000002||
|C110|000003||
|C110|000004||
|C110|000005||
|C175|5102|37,20|0,00|01|37,20|0,6500|||0,24|01|37,20|3,0000|||1,12|||
|C175|5405|40,40|0,00|01|40,40|0,6500|||0,26|01|40,40|3,0000|||1,22|||
|C100|1|0||65|00|001|9703|31220741132335000140650010000097031882212968|07072022|07072022|78,14|1|0,00||78,14|9|0,00|0,00|0,00|23,64|4,26||||0,51|2,35|0,00|0,00|
|C110|000001||
|C110|000002||
|C110|000003||
|C110|000004||
|C110|000005||
|C175|5102|23,64|0,00|01|23,64|0,6500|||0,15|01|23,64|3,0000|||0,71|||
|C175|5405|54,50|0,00|01|54,50|0,6500|||0,36|01|54,50|3,0000|||1,64|||
|C100|1|0||65|00|001|9704|31220741132335000140650010000097041902501223|07072022|07072022|41,64|1|0,00||41,64|9|0,00|0,00|0,00|0,00|0,00||||0,27|1,26|0,00|0,00|
|C110|000001||
|C110|000002||
|C110|000003||
|C110|000004||
|C110|000005||
|C175|5405|41,64|0,00|01|41,64|0,6500|||0,27|01|41,64|3,0000|||1,26|||
|C100|1|0|2049|55|00|1|1744|31220741132335000140550010000017441958297350|07072022|07072022|69,90|1|0,00||69,90|1|0,00|0,00|0,00|0,00|0,00|0,00|0,00|0,00|0,45|2,10|0,00|0,00|
|C110|000006||
|C110|000001||
|C110|000002||
|C110|000003||
|C110|000004||
|C110|000005||
|C170|1|4196||1,00000|UN|69,90|0,00|0|060|5405||0,00|0,00|0,00|0,00|0,00|0,00|0|||0,00|0,00|0,00|01|69,90|0,6500|||0,45|01|69,90|3,0000|||2,10||
|C100|1|0||65|00|001|9705|31220741132335000140650010000097051922789483|08072022|08072022|32,89|1|0,00||32,89|9|0,00|0,00|0,00|32,89|5,92||||0,21|0,98|0,00|0,00|
|C110|000001||
|C110|000002||
|C110|000003||
|C110|000004||
|C110|000005||
|C175|5102|32,89|0,00|01|32,89|0,6500|||0,21|01|32,89|3,0000|||0,98|||
|C100|1|0||65|00|001|9706|31220741132335000140650010000097061943077749|08072022|08072022|111,10|1|0,00||111,10|9|0,00|0,00|0,00|23,20|4,18||||0,72|3,33|0,00|0,00|
|C110|000001||
|C110|000002||
|C110|000003||
|C110|000004||
|C110|000005||
|C175|5102|23,20|0,00|01|23,20|0,6500|||0,15|01|23,20|3,0000|||0,69|||
|C175|5405|87,90|0,00|01|87,90|0,6500|||0,57|01|87,90|3,0000|||2,64|||
|C100|1|0||65|00|001|9707|31220741132335000140650010000097071963366000|08072022|08072022|178,72|1|0,00||178,72|9|0,00|0,00|0,00|0,00|0,00||||1,16|5,36|0,00|0,00|
|C110|000001||
|C110|000002||
|C110|000003||
|C110|000004||
|C110|000005||
|C175|5405|178,72|0,00|01|178,72|0,6500|||1,16|01|178,72|3,0000|||5,36|||
|C100|1|0||65|00|001|9708|31220741132335000140650010000097081983654261|08072022|08072022|176,06|1|0,00||176,06|9|0,00|0,00|0,00|93,07|16,75||||1,14|5,27|0,00|0,00|
|C110|000001||
|C110|000002||
|C110|000003||
|C110|000004||
|C110|000005||
|C175|5102|93,07|0,00|01|93,07|0,6500|||0,60|01|93,07|3,0000|||2,79|||
|C175|5405|82,99|0,00|01|82,99|0,6500|||0,54|01|82,99|3,0000|||2,48|||
|C100|1|0||65|00|001|9709|31220741132335000140650010000097091003942541|08072022|08072022|115,52|0|0,00||115,52|9|0,00|0,00|0,00|115,52|20,79||||0,75|3,47|0,00|0,00|
|C110|000001||
|C110|000002||
|C110|000003||
|C110|000004||
|C110|000005||
|C175|5102|115,52|0,00|01|115,52|0,6500|||0,75|01|115,52|3,0000|||3,47|||
|C100|1|0||65|00|001|9710|31220741132335000140650010000097101024230800|08072022|08072022|463,22|1|0,00||463,22|9|0,00|0,00|0,00|0,00|0,00||||2,98|13,94|0,00|0,00|
|C110|000001||
|C110|000002||
|C110|000003||
|C110|000004||
|C110|000005||
|C175|5405|463,22|0,00|01|463,22|0,6500|||2,98|01|463,22|3,0000|||13,94|||
|C100|1|0|3419|55|00|1|1745|31220741132335000140550010000017451773504306|08072022|08072022|913,37|1|0,14||913,37|1|0,00|0,00|0,00|37,74|6,79|0,00|0,00|0,00|5,94|27,43|0,00|0,00|
|C110|000001||
|C110|000002||
|C110|000003||
|C110|000004||
|C110|000005||
|C170|1|5665||2,00000|UN|8,32|0,00|0|060|5405||0,00|0,00|0,00|0,00|0,00|0,00|0|||0,00|0,00|0,00|01|8,32|0,6500|||0,05|01|8,32|3,0000|||0,25||
|C170|2|190||2,00000|UN|139,22|0,02|0|060|5405||0,00|0,00|0,00|0,00|0,00|0,00|0|||0,00|0,00|0,00|01|139,22|0,6500|||0,90|01|139,22|3,0000|||4,18||
|C170|3|5100||1,00000|UN|6,38|0,00|0|060|5405||0,00|0,00|0,00|0,00|0,00|0,00|0|||0,00|0,00|0,00|01|6,38|0,6500|||0,04|01|6,38|3,0000|||0,19||
|C170|4|5675||4,00000|UN|10,72|0,00|0|060|5405||0,00|0,00|0,00|0,00|0,00|0,00|0|||0,00|0,00|0,00|01|10,72|0,6500|||0,07|01|10,72|3,0000|||0,32||
|C170|5|5663||2,00000|UN|8,84|0,00|0|060|5405||0,00|0,00|0,00|0,00|0,00|0,00|0|||0,00|0,00|0,00|01|8,84|0,6500|||0,06|01|8,84|3,0000|||0,27||
|C170|6|3797||1,00000|UN|8,59|0,00|0|060|5405||0,00|0,00|0,00|0,00|0,00|0,00|0|||0,00|0,00|0,00|01|8,59|0,6500|||0,06|01|8,59|3,0000|||0,26||
|C170|7|6366||13,00000|UN|52,51|0,01|0|060|5405||0,00|0,00|0,00|0,00|0,00|0,00|0|||0,00|0,00|0,00|01|52,51|0,6500|||0,34|01|52,51|3,0000|||1,58||
|C170|8|2386||1,00000|UN|55,19|0,03|0|020|5102||21,46|18,00|3,86|0,00|0,00|0,00|0|||0,00|0,00|0,00|01|55,19|0,6500|||0,36|01|55,19|3,0000|||1,66||
|C170|9|5681||1,00000|UN|5,36|0,00|0|060|5405||0,00|0,00|0,00|0,00|0,00|0,00|0|||0,00|0,00|0,00|01|5,36|0,6500|||0,03|01|5,36|3,0000|||0,16||
|C170|10|3789||2,00000|UN|17,16|0,00|0|060|5405||0,00|0,00|0,00|0,00|0,00|0,00|0|||0,00|0,00|0,00|01|17,16|0,6500|||0,11|01|17,16|3,0000|||0,51||
|C170|11|5666||7,00000|UN|41,36|0,01|0|060|5405||0,00|0,00|0,00|0,00|0,00|0,00|0|||0,00|0,00|0,00|01|41,36|0,6500|||0,27|01|41,36|3,0000|||1,24||
|C170|12|5798||1,00000|UN|36,29|0,01|0|060|5405||0,00|0,00|0,00|0,00|0,00|0,00|0|||0,00|0,00|0,00|01|36,29|0,6500|||0,24|01|36,29|3,0000|||1,09||
|C170|13|5661||12,00000|UN|68,87|0,01|0|060|5405||0,00|0,00|0,00|0,00|0,00|0,00|0|||0,00|0,00|0,00|01|68,87|0,6500|||0,45|01|68,87|3,0000|||2,07||
|C170|14|61||1,00000|UN|99,88|0,02|0|060|5405||0,00|0,00|0,00|0,00|0,00|0,00|0|||0,00|0,00|0,00|01|99,88|0,6500|||0,65|01|99,88|3,0000|||3,00||
|C170|15|5663||2,00000|UN|8,84|0,00|0|060|5405||0,00|0,00|0,00|0,00|0,00|0,00|0|||0,00|0,00|0,00|01|8,84|0,6500|||0,06|01|8,84|3,0000|||0,27||
|C170|16|6567||1,00000|UN|16,28|0,00|0|000|5102||16,28|18,00|2,93|0,00|0,00|0,00|0|||0,00|0,00|0,00|01|16,28|0,6500|||0,11|01|16,28|3,0000|||0,49||
|C170|17|3874||1,00000|UN|4,59|0,00|0|060|5405||0,00|0,00|0,00|0,00|0,00|0,00|0|||0,00|0,00|0,00|01|4,59|0,6500|||0,03|01|4,59|3,0000|||0,14||
|C170|18|3875||4,00000|UN|20,24|0,00|0|060|5405||0,00|0,00|0,00|0,00|0,00|0,00|0|||0,00|0,00|0,00|01|20,24|0,6500|||0,13|01|20,24|3,0000|||0,61||
|C170|19|5675||2,00000|UN|5,36|0,00|0|060|5405||0,00|0,00|0,00|0,00|0,00|0,00|0|||0,00|0,00|0,00|01|5,36|0,6500|||0,03|01|5,36|3,0000|||0,16||
|C170|20|3800||1,00000|UN|10,20|0,00|0|060|5405||0,00|0,00|0,00|0,00|0,00|0,00|0|||0,00|0,00|0,00|01|10,20|0,6500|||0,07|01|10,20|3,0000|||0,31||
|C170|21|3904||4,00000|UN|26,88|0,00|0|060|5405||0,00|0,00|0,00|0,00|0,00|0,00|0|||0,00|0,00|0,00|01|26,88|0,6500|||0,17|01|26,88|3,0000|||0,81||
|C170|22|4186||13,00000|UN|86,18|0,01|0|060|5405||0,00|0,00|0,00|0,00|0,00|0,00|0|||0,00|0,00|0,00|01|86,18|0,6500|||0,56|01|86,18|3,0000|||2,59||
|C170|23|1291||1,00000|UN|26,66|0,00|0|060|5405||0,00|0,00|0,00|0,00|0,00|0,00|0|||0,00|0,00|0,00|01|26,66|0,6500|||0,17|01|26,66|3,0000|||0,80||
|C170|24|3794||2,00000|UN|17,16|0,00|0|060|5405||0,00|0,00|0,00|0,00|0,00|0,00|0|||0,00|0,00|0,00|01|17,16|0,6500|||0,11|01|17,16|3,0000|||0,51||
|C170|25|5664||7,00000|UN|33,31|0,01|0|060|5405||0,00|0,00|0,00|0,00|0,00|0,00|0|||0,00|0,00|0,00|01|33,31|0,6500|||0,22|01|33,31|3,0000|||1,00||
|C170|26|3752||1,00000|UN|50,44|0,01|0|060|5405||0,00|0,00|0,00|0,00|0,00|0,00|0|||0,00|0,00|0,00|01|50,44|0,6500|||0,33|01|50,44|3,0000|||1,51||
|C170|27|5675||7,00000|UN|18,76|0,00|0|060|5405||0,00|0,00|0,00|0,00|0,00|0,00|0|||0,00|0,00|0,00|01|18,76|0,6500|||0,12|01|18,76|3,0000|||0,56||
|C170|28|469||1,00000|UN|0,94|0,00|0|060|5405||0,00|0,00|0,00|0,00|0,00|0,00|0|||0,00|0,00|0,00|01|0,94|0,6500|||0,01|01|0,94|3,0000|||0,03||
|C170|29|10||1,00000|UN|0,98|0,00|0|060|5405||0,00|0,00|0,00|0,00|0,00|0,00|0|||0,00|0,00|0,00|01|0,98|0,6500|||0,01|01|0,98|3,0000|||0,03||
|C170|30|3875||1,00000|UN|5,06|0,00|0|060|5405||0,00|0,00|0,00|0,00|0,00|0,00|0|||0,00|0,00|0,00|01|5,06|0,6500|||0,03|01|5,06|3,0000|||0,15||
|C170|31|3876||4,00000|UN|22,80|0,00|0|060|5405||0,00|0,00|0,00|0,00|0,00|0,00|0|||0,00|0,00|0,00|01|22,80|0,6500|||0,15|01|22,80|3,0000|||0,68||
|C100|1|0|3419|55|00|1|1746|31220741132335000140550010000017461793792576|08072022|08072022|851,26|1|0,00||851,26|1|0,00|0,00|0,00|846,63|152,39|0,00|0,00|0,00|5,53|25,54|0,00|0,00|
|C110|000001||
|C110|000002||
|C110|000003||
|C110|000004||
|C110|000005||
|C170|1|900||1,00000|UN|4,63|0,00|0|060|5405||0,00|0,00|0,00|0,00|0,00|0,00|0|||0,00|0,00|0,00|01|4,63|0,6500|||0,03|01|4,63|3,0000|||0,14||
|C170|2|2921||1,00000|UN|846,63|0,00|0|000|5102||846,63|18,00|152,39|0,00|0,00|0,00|0|||0,00|0,00|0,00|01|846,63|0,6500|||5,50|01|846,63|3,0000|||25,40||
|C100|1|0||65|00|001|9711|31220741132335000140650010000097111044519064|08072022|08072022|481,01|0|0,00||481,01|9|0,00|0,00|0,00|210,56|37,90||||3,13|14,43|0,00|0,00|
|C110|000001||
|C110|000002||
|C110|000003||
|C110|000004||
|C110|000005||
|C175|5102|210,56|0,00|01|210,56|0,6500|||1,37|01|210,56|3,0000|||6,32|||
|C175|5405|270,45|0,00|01|270,45|0,6500|||1,76|01|270,45|3,0000|||8,11|||
|C100|1|0||65|00|001|9712|31220741132335000140650010000097121064807321|08072022|08072022|59,78|1|0,00||59,78|9|0,00|0,00|0,00|0,00|0,00||||0,39|1,80|0,00|0,00|
|C110|000001||
|C110|000002||
|C110|000003||
|C110|000004||
|C110|000005||
|C175|5405|59,78|0,00|01|59,78|0,6500|||0,39|01|59,78|3,0000|||1,80|||
|C100|1|0||65|00|001|9713|31220741132335000140650010000097131085095581|08072022|08072022|5,29|1|0,00||5,29|9|0,00|0,00|0,00|0,00|0,00||||0,02|0,17|0,00|0,00|
|C110|000001||
|C110|000002||
|C110|000003||
|C110|000004||
|C110|000005||
|C175|5405|5,29|0,00|01|5,29|0,6500|||0,02|01|5,29|3,0000|||0,17|||
|C100|1|0||65|00|001|9714|31220741132335000140650010000097141105383843|08072022|08072022|170,24|1|0,00||170,24|9|0,00|0,00|0,00|0,00|0,00||||1,10|5,10|0,00|0,00|
|C110|000001||
|C110|000002||
|C110|000003||
|C110|000004||
|C110|000005||
|C175|5405|170,24|0,00|01|170,24|0,6500|||1,10|01|170,24|3,0000|||5,10|||
|C100|1|0||65|00|001|9715|31220741132335000140650010000097151125672112|08072022|08072022|4,32|1|0,00||4,32|9|0,00|0,00|0,00|0,00|0,00||||0,02|0,14|0,00|0,00|
|C110|000001||
|C110|000002||
|C110|000003||
|C110|000004||
|C110|000005||
|C175|5405|4,32|0,00|01|4,32|0,6500|||0,02|01|4,32|3,0000|||0,14|||
|C100|1|0||65|00|001|9716|31220741132335000140650010000097161145960374|08072022|08072022|37,45|1|0,00||37,45|9|0,00|0,00|0,00|20,89|3,76||||0,25|1,13|0,00|0,00|
|C110|000001||
|C110|000002||
|C110|000003||
|C110|000004||
|C110|000005||
|C175|5102|20,89|0,00|01|20,89|0,6500|||0,14|01|20,89|3,0000|||0,63|||
|C175|5405|16,56|0,00|01|16,56|0,6500|||0,11|01|16,56|3,0000|||0,50|||
|C100|1|0||65|00|001|9717|31220741132335000140650010000097171166248638|08072022|08072022|153,19|1|0,00||153,19|9|0,00|0,00|0,00|0,00|0,00||||0,98|4,61|0,00|0,00|
|C110|000001||
|C110|000002||
|C110|000003||
|C110|000004||
|C110|000005||
|C175|5405|153,19|0,00|01|153,19|0,6500|||0,98|01|153,19|3,0000|||4,61|||
|C100|1|0||65|00|001|9718|31220741132335000140650010000097181186536890|08072022|08072022|20,92|1|0,00||20,92|9|0,00|0,00|0,00|20,92|3,77||||0,14|0,63|0,00|0,00|
|C110|000001||
|C110|000002||
|C110|000003||
|C110|000004||
|C110|000005||
|C175|5102|20,92|0,00|01|20,92|0,6500|||0,14|01|20,92|3,0000|||0,63|||
|C100|1|0||65|00|001|9719|31220741132335000140650010000097191206825155|08072022|08072022|29,54|1|0,00||29,54|9|0,00|0,00|0,00|0,00|0,00||||0,18|0,90|0,00|0,00|
|C110|000001||
|C110|000002||
|C110|000003||
|C110|000004||
|C110|000005||
|C175|5405|29,54|0,00|01|29,54|0,6500|||0,18|01|29,54|3,0000|||0,90|||
|C100|1|0||65|00|001|9720|31220741132335000140650010000097201227113414|08072022|08072022|267,70|1|0,00||267,70|9|0,00|0,00|0,00|0,00|0,00||||1,73|8,05|0,00|0,00|
|C110|000001||
|C110|000002||
|C110|000003||
|C110|000004||
|C110|000005||
|C175|5405|267,70|0,00|01|267,70|0,6500|||1,73|01|267,70|3,0000|||8,05|||
|C100|1|0||65|00|001|9721|31220741132335000140650010000097211247401684|08072022|08072022|42,16|1|0,00||42,16|9|0,00|0,00|0,00|0,00|0,00||||0,26|1,28|0,00|0,00|
|C110|000001||
|C110|000002||
|C110|000003||
|C110|000004||
|C110|000005||
|C175|5405|42,16|0,00|01|42,16|0,6500|||0,26|01|42,16|3,0000|||1,28|||
|C100|1|0||65|00|001|9722|31220741132335000140650010000097221267689940|08072022|08072022|460,76|1|0,00||460,76|9|0,00|0,00|0,00|0,00|0,00||||2,98|13,85|0,00|0,00|
|C110|000001||
|C110|000002||
|C110|000003||
|C110|000004||
|C110|000005||
|C175|5405|460,76|0,00|01|460,76|0,6500|||2,98|01|460,76|3,0000|||13,85|||
|C100|1|0||65|00|001|9723|31220741132335000140650010000097231287978200|08072022|08072022|41,52|1|0,00||41,52|9|0,00|0,00|0,00|7,86|1,41||||0,28|1,27|0,00|0,00|
|C110|000001||
|C110|000002||
|C110|000003||
|C110|000004||
|C110|000005||
|C175|5102|7,86|0,00|01|7,86|0,6500|||0,06|01|7,86|3,0000|||0,24|||
|C175|5405|33,66|0,00|01|33,66|0,6500|||0,22|01|33,66|3,0000|||1,03|||
|C100|1|0||65|00|001|9724|31220741132335000140650010000097241308266465|08072022|08072022|57,80|1|0,00||57,80|9|0,00|0,00|0,00|0,00|0,00||||0,38|1,73|0,00|0,00|
|C110|000001||
|C110|000002||
|C110|000003||
|C110|000004||
|C110|000005||
|C175|5405|57,80|0,00|01|57,80|0,6500|||0,38|01|57,80|3,0000|||1,73|||
|C100|1|0||65|00|001|9725|31220741132335000140650010000097251328554722|08072022|08072022|50,36|1|0,00||50,36|9|0,00|0,00|0,00|0,00|0,00||||0,33|1,50|0,00|0,00|
|C110|000001||
|C110|000002||
|C110|000003||
|C110|000004||
|C110|000005||
|C175|5405|50,36|0,00|01|50,36|0,6500|||0,33|01|50,36|3,0000|||1,50|||
|C100|1|0||65|00|001|9726|31220741132335000140650010000097261348842984|08072022|08072022|921,73|1|0,00||921,73|9|0,00|0,00|0,00|44,56|8,02||||5,99|27,68|0,00|0,00|
|C110|000001||
|C110|000002||
|C110|000003||
|C110|000004||
|C110|000005||
|C175|5102|44,56|0,00|01|44,56|0,6500|||0,29|01|44,56|3,0000|||1,33|||
|C175|5405|877,17|0,00|01|877,17|0,6500|||5,70|01|877,17|3,0000|||26,35|||
|C100|1|0|3224|55|00|1|1747|31220741132335000140550010000017471857869776|08072022|08072022|1633,54|1|0,00||1633,54|1|0,00|0,00|0,00|297,34|53,52|0,00|0,00|0,00|10,62|49,01|0,00|0,00|
|C110|000006||
|C110|000001||
|C110|000002||
|C110|000003||
|C110|000004||
|C110|000005||
|C170|1|2004||1,00000|UN|6,94|0,00|0|000|5102||6,94|18,00|1,25|0,00|0,00|0,00|0|||0,00|0,00|0,00|01|6,94|0,6500|||0,05|01|6,94|3,0000|||0,21||
|C170|2|300||11,00000|UN|99,00|0,00|0|060|5405||0,00|0,00|0,00|0,00|0,00|0,00|0|||0,00|0,00|0,00|01|99,00|0,6500|||0,64|01|99,00|3,0000|||2,97||
|C170|3|862||4,00000|UN|119,80|0,00|0|000|5102||119,80|18,00|21,56|0,00|0,00|0,00|0|||0,00|0,00|0,00|01|119,80|0,6500|||0,78|01|119,80|3,0000|||3,59||
|C170|4|2063||55,00000|MT|548,35|0,00|0|060|5405||0,00|0,00|0,00|0,00|0,00|0,00|0|||0,00|0,00|0,00|01|548,35|0,6500|||3,56|01|548,35|3,0000|||16,45||
|C170|5|350||10,00000|UN|64,40|0,00|0|000|5102||64,40|18,00|11,59|0,00|0,00|0,00|0|||0,00|0,00|0,00|01|64,40|0,6500|||0,42|01|64,40|3,0000|||1,93||
|C170|6|57||10,00000|UN|106,20|0,00|0|000|5102||106,20|18,00|19,12|0,00|0,00|0,00|0|||0,00|0,00|0,00|01|106,20|0,6500|||0,69|01|106,20|3,0000|||3,19||
|C170|7|1434||23,00000|MT|688,85|0,00|0|060|5405||0,00|0,00|0,00|0,00|0,00|0,00|0|||0,00|0,00|0,00|01|688,85|0,6500|||4,48|01|688,85|3,0000|||20,67||
|C100|1|0||65|00|001|9727|31220741132335000140650010000097271369131251|08072022|08072022|254,24|1|0,00||254,24|9|0,00|0,00|0,00|0,00|0,00||||1,65|7,63|0,00|0,00|
|C110|000001||
|C110|000002||
|C110|000003||
|C110|000004||
|C110|000005||
|C175|5405|254,24|0,00|01|254,24|0,6500|||1,65|01|254,24|3,0000|||7,63|||
|C100|1|0||65|00|001|9729|31220741132335000140650010000097291409707773|09072022|09072022|101,91|1|0,00||101,91|9|0,00|0,00|0,00|0,00|0,00||||0,67|3,07|0,00|0,00|
|C110|000001||
|C110|000002||
|C110|000003||
|C110|000004||
|C110|000005||
|C175|5405|101,91|0,00|01|101,91|0,6500|||0,67|01|101,91|3,0000|||3,07|||
|C100|1|0||65|00|001|9730|31220741132335000140650010000097301429996038|09072022|09072022|59,59|1|0,00||59,59|9|0,00|0,00|0,00|0,00|0,00||||0,39|1,79|0,00|0,00|
|C110|000001||
|C110|000002||
|C110|000003||
|C110|000004||
|C110|000005||
|C175|5405|59,59|0,00|01|59,59|0,6500|||0,39|01|59,59|3,0000|||1,79|||
|C100|1|0||65|00|001|9731|31220741132335000140650010000097311450284294|09072022|09072022|511,84|1|0,00||511,84|9|0,00|0,00|0,00|40,47|7,28||||3,34|15,39|0,00|0,00|
|C110|000001||
|C110|000002||
|C110|000003||
|C110|000004||
|C110|000005||
|C175|5102|40,47|0,00|01|40,47|0,6500|||0,26|01|40,47|3,0000|||1,22|||
|C175|5405|471,37|0,00|01|471,37|0,6500|||3,08|01|471,37|3,0000|||14,17|||
|C100|1|0||65|00|001|9732|31220741132335000140650010000097321470572551|09072022|09072022|78,25|1|0,00||78,25|9|0,00|0,00|0,00|0,00|0,00||||0,52|2,35|0,00|0,00|
|C110|000001||
|C110|000002||
|C110|000003||
|C110|000004||
|C110|000005||
|C175|5405|78,25|0,00|01|78,25|0,6500|||0,52|01|78,25|3,0000|||2,35|||
|C100|1|0||65|00|001|9733|31220741132335000140650010000097331490860819|09072022|09072022|25,89|1|0,00||25,89|9|0,00|0,00|0,00|0,00|0,00||||0,17|0,77|0,00|0,00|
|C110|000001||
|C110|000002||
|C110|000003||
|C110|000004||
|C110|000005||
|C175|5405|25,89|0,00|01|25,89|0,6500|||0,17|01|25,89|3,0000|||0,77|||
|C100|1|0||65|00|001|9734|31220741132335000140650010000097341511149083|09072022|09072022|71,85|1|0,00||71,85|9|0,00|0,00|0,00|0,00|0,00||||0,47|2,18|0,00|0,00|
|C110|000001||
|C110|000002||
|C110|000003||
|C110|000004||
|C110|000005||
|C175|5405|71,85|0,00|01|71,85|0,6500|||0,47|01|71,85|3,0000|||2,18|||
|C100|1|0||65|00|001|9735|31220741132335000140650010000097351531437340|09072022|09072022|64,41|1|0,00||64,41|9|0,00|0,00|0,00|0,00|0,00||||0,42|1,93|0,00|0,00|
|C110|000001||
|C110|000002||
|C110|000003||
|C110|000004||
|C110|000005||
|C175|5405|64,41|0,00|01|64,41|0,6500|||0,42|01|64,41|3,0000|||1,93|||
|C100|1|0||65|00|001|9736|31220741132335000140650010000097361551725608|09072022|09072022|17,41|1|0,00||17,41|9|0,00|0,00|0,00|0,00|0,00||||0,12|0,52|0,00|0,00|
|C110|000001||
|C110|000002||
|C110|000003||
|C110|000004||
|C110|000005||
|C175|5405|17,41|0,00|01|17,41|0,6500|||0,12|01|17,41|3,0000|||0,52|||
|C100|1|0||65|00|001|9737|31220741132335000140650010000097371572013868|09072022|09072022|138,73|1|0,00||138,73|9|0,00|0,00|0,00|0,00|0,00||||0,91|4,17|0,00|0,00|
|C110|000001||
|C110|000002||
|C110|000003||
|C110|000004||
|C110|000005||
|C175|5405|138,73|0,00|01|138,73|0,6500|||0,91|01|138,73|3,0000|||4,17|||
|C100|1|0||65|00|001|9738|31220741132335000140650010000097381592302129|09072022|09072022|17,30|1|0,00||17,30|9|0,00|0,00|0,00|0,00|0,00||||0,11|0,52|0,00|0,00|
|C110|000001||
|C110|000002||
|C110|000003||
|C110|000004||
|C110|000005||
|C175|5405|17,30|0,00|01|17,30|0,6500|||0,11|01|17,30|3,0000|||0,52|||
|C100|1|0||65|00|001|9739|31220741132335000140650010000097391612590385|09072022|09072022|50,86|1|0,00||50,86|9|0,00|0,00|0,00|0,00|0,00||||0,35|1,53|0,00|0,00|
|C110|000001||
|C110|000002||
|C110|000003||
|C110|000004||
|C110|000005||
|C175|5405|50,86|0,00|01|50,86|0,6500|||0,35|01|50,86|3,0000|||1,53|||
|C100|1|0||65|00|001|9741|31220741132335000140650010000097411653166918|11072022|11072022|114,13|1|0,00||114,13|9|0,00|0,00|0,00|0,00|0,00||||0,74|3,43|0,00|0,00|
|C110|000001||
|C110|000002||
|C110|000003||
|C110|000004||
|C110|000005||
|C175|5405|114,13|0,00|01|114,13|0,6500|||0,74|01|114,13|3,0000|||3,43|||
|C100|1|0||65|00|001|9742|31220741132335000140650010000097421673455173|11072022|11072022|17,20|1|0,00||17,20|9|0,00|0,00|0,00|0,00|0,00||||0,12|0,52|0,00|0,00|
|C110|000001||
|C110|000002||
|C110|000003||
|C110|000004||
|C110|000005||
|C175|5405|17,20|0,00|01|17,20|0,6500|||0,12|01|17,20|3,0000|||0,52|||
|C100|1|0||65|00|001|9743|31220741132335000140650010000097431693743430|11072022|11072022|105,42|1|0,00||105,42|9|0,00|0,00|0,00|0,00|0,00||||0,69|3,17|0,00|0,00|
|C110|000001||
|C110|000002||
|C110|000003||
|C110|000004||
|C110|000005||
|C175|5405|105,42|0,00|01|105,42|0,6500|||0,69|01|105,42|3,0000|||3,17|||
|C100|1|0||65|00|001|9744|31220741132335000140650010000097441714031695|11072022|11072022|39,79|1|0,00||39,79|9|0,00|0,00|0,00|29,76|5,36||||0,25|1,19|0,00|0,00|
|C110|000001||
|C110|000002||
|C110|000003||
|C110|000004||
|C110|000005||
|C175|5102|29,76|0,00|01|29,76|0,6500|||0,19|01|29,76|3,0000|||0,89|||
|C175|5405|10,03|0,00|01|10,03|0,6500|||0,06|01|10,03|3,0000|||0,30|||
|C100|1|0||65|00|001|9745|31220741132335000140650010000097451734319950|11072022|11072022|99,57|1|0,00||99,57|9|0,00|0,00|0,00|0,00|0,00||||0,64|2,98|0,00|0,00|
|C110|000001||
|C110|000002||
|C110|000003||
|C110|000004||
|C110|000005||
|C175|5405|99,57|0,00|01|99,57|0,6500|||0,64|01|99,57|3,0000|||2,98|||
|C100|1|0||65|00|001|9746|31220741132335000140650010000097461754608220|11072022|11072022|184,91|1|0,00||184,91|9|0,00|0,00|0,00|0,00|0,00||||1,20|5,53|0,00|0,00|
|C110|000001||
|C110|000002||
|C110|000003||
|C110|000004||
|C110|000005||
|C175|5405|184,91|0,00|01|184,91|0,6500|||1,20|01|184,91|3,0000|||5,53|||
|C100|1|0||65|00|001|9747|31220741132335000140650010000097471774896481|11072022|11072022|11,23|1|0,00||11,23|9|0,00|0,00|0,00|0,00|0,00||||0,07|0,35|0,00|0,00|
|C110|000001||
|C110|000002||
|C110|000003||
|C110|000004||
|C110|000005||
|C175|5405|11,23|0,00|01|11,23|0,6500|||0,07|01|11,23|3,0000|||0,35|||
|C100|1|0||65|00|001|9748|31220741132335000140650010000097481795184747|11072022|11072022|170,88|1|0,00||170,88|9|0,00|0,00|0,00|0,00|0,00||||1,10|5,16|0,00|0,00|
|C110|000001||
|C110|000002||
|C110|000003||
|C110|000004||
|C110|000005||
|C175|5405|170,88|0,00|01|170,88|0,6500|||1,10|01|170,88|3,0000|||5,16|||
|C100|1|0||65|00|001|9749|31220741132335000140650010000097491815473002|11072022|11072022|158,22|1|0,00||158,22|9|0,00|0,00|0,00|0,00|0,00||||1,02|4,74|0,00|0,00|
|C110|000001||
|C110|000002||
|C110|000003||
|C110|000004||
|C110|000005||
|C175|5405|158,22|0,00|01|158,22|0,6500|||1,02|01|158,22|3,0000|||4,74|||
|C100|1|0||65|00|001|9750|31220741132335000140650010000097501835761268|11072022|11072022|234,79|1|0,00||234,79|9|0,00|0,00|0,00|0,00|0,00||||1,53|7,04|0,00|0,00|
|C110|000001||
|C110|000002||
|C110|000003||
|C110|000004||
|C110|000005||
|C175|5405|234,79|0,00|01|234,79|0,6500|||1,53|01|234,79|3,0000|||7,04|||
|C100|1|0||65|00|001|9751|31220741132335000140650010000097511856049521|11072022|11072022|171,58|1|0,00||171,58|9|0,00|0,00|0,00|0,00|0,00||||1,10|5,14|0,00|0,00|
|C110|000001||
|C110|000002||
|C110|000003||
|C110|000004||
|C110|000005||
|C175|5405|171,58|0,00|01|171,58|0,6500|||1,10|01|171,58|3,0000|||5,14|||
|C100|1|0||65|00|001|9752|31220741132335000140650010000097521876337791|11072022|11072022|63,87|1|0,00||63,87|9|0,00|0,00|0,00|50,55|9,11||||0,43|1,91|0,00|0,00|
|C110|000001||
|C110|000002||
|C110|000003||
|C110|000004||
|C110|000005||
|C175|5102|50,55|0,00|01|50,55|0,6500|||0,34|01|50,55|3,0000|||1,52|||
|C175|5405|13,32|0,00|01|13,32|0,6500|||0,09|01|13,32|3,0000|||0,39|||
|C100|1|0||65|00|001|9753|31220741132335000140650010000097531896626052|11072022|11072022|1313,47|1|0,00||1313,47|9|0,00|0,00|0,00|298,69|53,75||||8,55|39,38|0,00|0,00|
|C110|000001||
|C110|000002||
|C110|000003||
|C110|000004||
|C110|000005||
|C175|5102|298,69|0,00|01|298,69|0,6500|||1,95|01|298,69|3,0000|||8,94|||
|C175|5405|1014,78|0,00|01|1014,78|0,6500|||6,60|01|1014,78|3,0000|||30,44|||
|C100|1|0|2376|55|00|1|1750|31220741132335000140550010000017501714288546|11072022|11072022|73,80|1|0,00||73,80|1|0,00|0,00|0,00|0,00|0,00|0,00|0,00|0,00|0,48|2,21|0,00|0,00|
|C110|000006||
|C110|000001||
|C110|000002||
|C110|000003||
|C110|000004||
|C110|000005||
|C170|1|3807||1,00000|UN|39,30|0,00|0|060|5405||0,00|0,00|0,00|0,00|0,00|0,00|0|||0,00|0,00|0,00|01|39,30|0,6500|||0,26|01|39,30|3,0000|||1,18||
|C170|2|3889||2,00000|UN|11,00|0,00|0|060|5405||0,00|0,00|0,00|0,00|0,00|0,00|0|||0,00|0,00|0,00|01|11,00|0,6500|||0,07|01|11,00|3,0000|||0,33||
|C170|3|3053||2,00000|UN|8,40|0,00|0|060|5405||0,00|0,00|0,00|0,00|0,00|0,00|0|||0,00|0,00|0,00|01|8,40|0,6500|||0,05|01|8,40|3,0000|||0,25||
|C170|4|5099||2,00000|UN|15,10|0,00|0|060|5405||0,00|0,00|0,00|0,00|0,00|0,00|0|||0,00|0,00|0,00|01|15,10|0,6500|||0,10|01|15,10|3,0000|||0,45||
|C100|1|0|3307|55|00|1|1751|31220741132335000140550010000017511622948555|11072022|11072022|272,50|0|0,00||272,50|1|0,00|0,00|0,00|44,00|7,92|0,00|0,00|0,00|1,77|8,18|0,00|0,00|
|C110|000001||
|C110|000002||
|C110|000003||
|C110|000004||
|C110|000005||
|C170|1|3590||50,00000|MT|186,50|0,00|0|060|5405||0,00|0,00|0,00|0,00|0,00|0,00|0|||0,00|0,00|0,00|01|186,50|0,6500|||1,21|01|186,50|3,0000|||5,60||
|C170|2|741||30,00000|UN|42,00|0,00|0|060|5405||0,00|0,00|0,00|0,00|0,00|0,00|0|||0,00|0,00|0,00|01|42,00|0,6500|||0,27|01|42,00|3,0000|||1,26||
|C170|3|171||8,00000|UN|44,00|0,00|0|000|5102||44,00|18,00|7,92|0,00|0,00|0,00|0|||0,00|0,00|0,00|01|44,00|0,6500|||0,29|01|44,00|3,0000|||1,32||
|C100|1|0||65|00|001|9754|31220741132335000140650010000097541916914314|11072022|11072022|82,22|1|0,00||82,22|9|0,00|0,00|0,00|0,00|0,00||||0,54|2,48|0,00|0,00|
|C110|000001||
|C110|000002||
|C110|000003||
|C110|000004||
|C110|000005||
|C175|5405|82,22|0,00|01|82,22|0,6500|||0,54|01|82,22|3,0000|||2,48|||
|C100|1|0||65|00|001|9755|31220741132335000140650010000097551937202574|11072022|11072022|558,10|1|0,00||558,10|9|0,00|0,00|0,00|0,00|0,00||||3,63|16,73|0,00|0,00|
|C110|000001||
|C110|000002||
|C110|000003||
|C110|000004||
|C110|000005||
|C175|5405|558,10|0,00|01|558,10|0,6500|||3,63|01|558,10|3,0000|||16,73|||
|C100|1|0|3424|55|00|1|1752|31220741132335000140550010000017521016963455|11072022|11072022|484,10|1|0,00||484,10|1|0,00|0,00|0,00|0,00|0,00|0,00|0,00|0,00|3,14|14,52|0,00|0,00|
|C110|000001||
|C110|000002||
|C110|000003||
|C110|000004||
|C110|000005||
|C170|1|622||1,00000|UN|6,75|0,00|0|060|5405||0,00|0,00|0,00|0,00|0,00|0,00|0|||0,00|0,00|0,00|01|6,75|0,6500|||0,04|01|6,75|3,0000|||0,20||
|C170|2|585||60,00000|MT|438,60|0,00|0|060|5405||0,00|0,00|0,00|0,00|0,00|0,00|0|||0,00|0,00|0,00|01|438,60|0,6500|||2,85|01|438,60|3,0000|||13,16||
|C170|3|73||5,00000|UN|38,75|0,00|0|060|5405||0,00|0,00|0,00|0,00|0,00|0,00|0|||0,00|0,00|0,00|01|38,75|0,6500|||0,25|01|38,75|3,0000|||1,16||
|C100|1|0||65|00|001|9756|31220741132335000140650010000097561957490831|11072022|11072022|4,90|1|0,00||4,90|9|0,00|0,00|0,00|3,00|0,54||||0,03|0,15|0,00|0,00|
|C110|000001||
|C110|000002||
|C110|000003||
|C110|000004||
|C110|000005||
|C175|5102|3,00|0,00|01|3,00|0,6500|||0,02|01|3,00|3,0000|||0,09|||
|C175|5405|1,90|0,00|01|1,90|0,6500|||0,01|01|1,90|3,0000|||0,06|||
|C100|1|0||65|00|001|9757|31220741132335000140650010000097571977779095|11072022|11072022|43,23|1|0,00||43,23|9|0,00|0,00|0,00|0,00|0,00||||0,27|1,30|0,00|0,00|
|C110|000001||
|C110|000002||
|C110|000003||
|C110|000004||
|C110|000005||
|C175|5405|43,23|0,00|01|43,23|0,6500|||0,27|01|43,23|3,0000|||1,30|||
|C100|1|0||65|00|001|9758|31220741132335000140650010000097581998067369|11072022|11072022|35,09|1|0,00||35,09|9|0,00|0,00|0,00|0,00|0,00||||0,22|1,05|0,00|0,00|
|C110|000001||
|C110|000002||
|C110|000003||
|C110|000004||
|C110|000005||
|C175|5405|35,09|0,00|01|35,09|0,6500|||0,22|01|35,09|3,0000|||1,05|||
|C100|1|0||65|00|001|9759|31220741132335000140650010000097591018355630|11072022|11072022|507,12|1|0,00||507,12|9|0,00|0,00|0,00|0,00|0,00||||3,29|15,23|0,00|0,00|
|C110|000001||
|C110|000002||
|C110|000003||
|C110|000004||
|C110|000005||
|C175|5405|507,12|0,00|01|507,12|0,6500|||3,29|01|507,12|3,0000|||15,23|||
|C100|1|0||65|00|001|9760|31220741132335000140650010000097601038643896|11072022|11072022|58,12|1|0,00||58,12|9|0,00|0,00|0,00|0,00|0,00||||0,38|1,74|0,00|0,00|
|C110|000001||
|C110|000002||
|C110|000003||
|C110|000004||
|C110|000005||
|C175|5405|58,12|0,00|01|58,12|0,6500|||0,38|01|58,12|3,0000|||1,74|||
|C100|1|0||65|00|001|9761|31220741132335000140650010000097611058932157|12072022|12072022|62,77|1|0,00||62,77|9|0,00|0,00|0,00|0,00|0,00||||0,41|1,90|0,00|0,00|
|C110|000001||
|C110|000002||
|C110|000003||
|C110|000004||
|C110|000005||
|C175|5405|62,77|0,00|01|62,77|0,6500|||0,41|01|62,77|3,0000|||1,90|||
|C100|1|0|2028|55|00|1|1753|31220741132335000140550010000017531714838211|12072022|12072022|113,10|0|0,00||113,10|1|0,00|0,00|0,00|0,00|0,00|0,00|0,00|0,00|0,74|3,39|0,00|0,00|
|C110|000001||
|C110|000002||
|C110|000003||
|C110|000004||
|C110|000005||
|C170|1|4398||2,00000|UN|113,10|0,00|0|060|5405||0,00|0,00|0,00|0,00|0,00|0,00|0|||0,00|0,00|0,00|01|113,10|0,6500|||0,74|01|113,10|3,0000|||3,39||
|C100|1|0||65|00|001|9762|31220741132335000140650010000097621079220412|12072022|12072022|42,55|1|0,00||42,55|9|0,00|0,00|0,00|0,00|0,00||||0,28|1,27|0,00|0,00|
|C110|000001||
|C110|000002||
|C110|000003||
|C110|000004||
|C110|000005||
|C175|5405|42,55|0,00|01|42,55|0,6500|||0,28|01|42,55|3,0000|||1,27|||
|C100|1|0||65|00|001|9763|31220741132335000140650010000097631099508672|12072022|12072022|103,69|1|0,00||103,69|9|0,00|0,00|0,00|0,00|0,00||||0,67|3,11|0,00|0,00|
|C110|000001||
|C110|000002||
|C110|000003||
|C110|000004||
|C110|000005||
|C175|5405|103,69|0,00|01|103,69|0,6500|||0,67|01|103,69|3,0000|||3,11|||
|C100|1|0||65|00|001|9764|31220741132335000140650010000097641119796934|12072022|12072022|13,51|1|0,00||13,51|9|0,00|0,00|0,00|0,00|0,00||||0,08|0,41|0,00|0,00|
|C110|000001||
|C110|000002||
|C110|000003||
|C110|000004||
|C110|000005||
|C175|5405|13,51|0,00|01|13,51|0,6500|||0,08|01|13,51|3,0000|||0,41|||
|C100|1|0|2891|55|00|1|1755|31220741132335000140550010000017551264184695|12072022|12072022|123,05|0|0,00||123,05|1|0,00|0,00|0,00|0,00|0,00|0,00|0,00|0,00|0,80|3,69|0,00|0,00|
|C110|000006||
|C110|000001||
|C110|000002||
|C110|000003||
|C110|000004||
|C110|000005||
|C170|1|3899||1,00000|UN|23,25|0,00|0|060|5405||0,00|0,00|0,00|0,00|0,00|0,00|0|||0,00|0,00|0,00|01|23,25|0,6500|||0,15|01|23,25|3,0000|||0,70||
|C170|2|4248||2,00000|UN|99,80|0,00|0|060|5405||0,00|0,00|0,00|0,00|0,00|0,00|0|||0,00|0,00|0,00|01|99,80|0,6500|||0,65|01|99,80|3,0000|||2,99||
|C100|1|0||65|00|001|9765|31220741132335000140650010000097651140085208|12072022|12072022|200,00|1|0,00||200,00|9|0,00|0,00|0,00|0,00|0,00||||1,30|6,00|0,00|0,00|
|C110|000001||
|C110|000002||
|C110|000003||
|C110|000004||
|C110|000005||
|C175|5405|200,00|0,00|01|200,00|0,6500|||1,30|01|200,00|3,0000|||6,00|||
|C100|1|0|2268|55|00|1|1756|31220741132335000140550010000017561644885838|12072022|12072022|143,40|1|0,00||143,40|1|0,00|0,00|0,00|0,00|0,00|0,00|0,00|0,00|0,93|4,30|0,00|0,00|
|C110|000006||
|C110|000001||
|C110|000002||
|C110|000003||
|C110|000004||
|C110|000005||
|C170|1|7746||6,00000|UN|143,40|0,00|0|060|5405||0,00|0,00|0,00|0,00|0,00|0,00|0|||0,00|0,00|0,00|01|143,40|0,6500|||0,93|01|143,40|3,0000|||4,30||
|C100|1|0|2525|55|00|1|1757|31220741132335000140550010000017571879257389|12072022|12072022|106,60|1|0,00||106,60|1|0,00|0,00|0,00|10,20|1,84|0,00|0,00|0,00|0,69|3,21|0,00|0,00|
|C110|000006||
|C110|000001||
|C110|000002||
|C110|000003||
|C110|000004||
|C110|000005||
|C170|1|6111||2,00000|UN|0,30|0,00|0|060|5405||0,00|0,00|0,00|0,00|0,00|0,00|0|||0,00|0,00|0,00|01|0,30|0,6500|||0,00|01|0,30|3,0000|||0,01||
|C170|2|943||1,00000|UN|3,65|0,00|0|060|5405||0,00|0,00|0,00|0,00|0,00|0,00|0|||0,00|0,00|0,00|01|3,65|0,6500|||0,02|01|3,65|3,0000|||0,11||
|C170|3|1563||1,00000|UN|79,90|0,00|0|060|5405||0,00|0,00|0,00|0,00|0,00|0,00|0|||0,00|0,00|0,00|01|79,90|0,6500|||0,52|01|79,90|3,0000|||2,40||
|C170|4|3873||1,00000|UN|5,60|0,00|0|060|5405||0,00|0,00|0,00|0,00|0,00|0,00|0|||0,00|0,00|0,00|01|5,60|0,6500|||0,04|01|5,60|3,0000|||0,17||
|C170|5|3875||1,00000|UN|6,00|0,00|0|060|5405||0,00|0,00|0,00|0,00|0,00|0,00|0|||0,00|0,00|0,00|01|6,00|0,6500|||0,04|01|6,00|3,0000|||0,18||
|C170|6|2466||2,00000|UN|0,40|0,00|0|060|5405||0,00|0,00|0,00|0,00|0,00|0,00|0|||0,00|0,00|0,00|01|0,40|0,6500|||0,00|01|0,40|3,0000|||0,01||
|C170|7|4979||1,00000|UN|0,35|0,00|0|060|5405||0,00|0,00|0,00|0,00|0,00|0,00|0|||0,00|0,00|0,00|01|0,35|0,6500|||0,00|01|0,35|3,0000|||0,01||
|C170|8|6132||1,00000|UN|0,20|0,00|0|060|5405||0,00|0,00|0,00|0,00|0,00|0,00|0|||0,00|0,00|0,00|01|0,20|0,6500|||0,00|01|0,20|3,0000|||0,01||
|C170|9|1656||1,00000|UN|10,20|0,00|0|000|5102||10,20|18,00|1,84|0,00|0,00|0,00|0|||0,00|0,00|0,00|01|10,20|0,6500|||0,07|01|10,20|3,0000|||0,31||
|C100|1|0|2461|55|00|1|1758|31220741132335000140550010000017581601096895|12072022|12072022|296,20|1|0,00||296,20|1|0,00|0,00|0,00|0,00|0,00|0,00|0,00|0,00|1,93|8,89|0,00|0,00|
|C110|000006||
|C110|000001||
|C110|000002||
|C110|000003||
|C110|000004||
|C110|000005||
|C170|1|4081||1,00000|UN|229,00|0,00|0|060|5405||0,00|0,00|0,00|0,00|0,00|0,00|0|||0,00|0,00|0,00|01|229,00|0,6500|||1,49|01|229,00|3,0000|||6,87||
|C170|2|1421||12,00000|UN|67,20|0,00|0|060|5405||0,00|0,00|0,00|0,00|0,00|0,00|0|||0,00|0,00|0,00|01|67,20|0,6500|||0,44|01|67,20|3,0000|||2,02||
|C100|1|0|3426|55|00|1|1759|31220741132335000140550010000017591199557819|12072022|12072022|389,00|0|0,00||389,00|1|0,00|0,00|0,00|389,00|70,02|0,00|0,00|0,00|2,53|11,67|0,00|0,00|
|C110|000001||
|C110|000002||
|C110|000003||
|C110|000004||
|C110|000005||
|C170|1|6229||1,00000|UN|389,00|0,00|0|000|5102||389,00|18,00|70,02|0,00|0,00|0,00|0|||0,00|0,00|0,00|01|389,00|0,6500|||2,53|01|389,00|3,0000|||11,67||
|C100|1|0||65|00|001|9766|31220741132335000140650010000097661160373460|12072022|12072022|77,11|1|0,00||77,11|9|0,00|0,00|0,00|43,43|7,82||||0,50|2,30|0,00|0,00|
|C110|000001||
|C110|000002||
|C110|000003||
|C110|000004||
|C110|000005||
|C175|5102|43,43|0,00|01|43,43|0,6500|||0,28|01|43,43|3,0000|||1,30|||
|C175|5405|33,68|0,00|01|33,68|0,6500|||0,22|01|33,68|3,0000|||1,00|||
|C100|1|0||65|00|001|9767|31220741132335000140650010000097671180661727|12072022|12072022|38,62|1|0,00||38,62|9|0,00|0,00|0,00|0,00|0,00||||0,23|1,15|0,00|0,00|
|C110|000001||
|C110|000002||
|C110|000003||
|C110|000004||
|C110|000005||
|C175|5405|38,62|0,00|01|38,62|0,6500|||0,23|01|38,62|3,0000|||1,15|||
|C100|1|0||65|00|001|9768|31220741132335000140650010000097681200949981|12072022|12072022|9,71|1|0,00||9,71|9|0,00|0,00|0,00|0,00|0,00||||0,06|0,29|0,00|0,00|
|C110|000001||
|C110|000002||
|C110|000003||
|C110|000004||
|C110|000005||
|C175|5405|9,71|0,00|01|9,71|0,6500|||0,06|01|9,71|3,0000|||0,29|||
|C100|1|0||65|00|001|9769|31220741132335000140650010000097691221238240|12072022|12072022|28,65|1|0,00||28,65|9|0,00|0,00|0,00|0,00|0,00||||0,19|0,85|0,00|0,00|
|C110|000001||
|C110|000002||
|C110|000003||
|C110|000004||
|C110|000005||
|C175|5405|28,65|0,00|01|28,65|0,6500|||0,19|01|28,65|3,0000|||0,85|||
|C100|1|0||65|00|001|9770|31220741132335000140650010000097701241526501|12072022|12072022|297,60|1|0,00||297,60|9|0,00|0,00|0,00|278,62|50,15||||1,94|8,93|0,00|0,00|
|C110|000001||
|C110|000002||
|C110|000003||
|C110|000004||
|C110|000005||
|C175|5102|278,62|0,00|01|278,62|0,6500|||1,82|01|278,62|3,0000|||8,35|||
|C175|5405|18,98|0,00|01|18,98|0,6500|||0,12|01|18,98|3,0000|||0,58|||
|C100|1|0||65|00|001|9771|31220741132335000140650010000097711261814771|12072022|12072022|19,23|1|0,00||19,23|9|0,00|0,00|0,00|0,00|0,00||||0,13|0,58|0,00|0,00|
|C110|000001||
|C110|000002||
|C110|000003||
|C110|000004||
|C110|000005||
|C175|5405|19,23|0,00|01|19,23|0,6500|||0,13|01|19,23|3,0000|||0,58|||
|C100|1|0||65|00|001|9772|31220741132335000140650010000097721282103030|12072022|12072022|63,85|1|0,00||63,85|9|0,00|0,00|0,00|0,00|0,00||||0,42|1,92|0,00|0,00|
|C110|000001||
|C110|000002||
|C110|000003||
|C110|000004||
|C110|000005||
|C175|5405|63,85|0,00|01|63,85|0,6500|||0,42|01|63,85|3,0000|||1,92|||
|C100|1|0||65|00|001|9773|31220741132335000140650010000097731302391297|12072022|12072022|32,64|1|0,00||32,64|9|0,00|0,00|0,00|0,00|0,00||||0,20|0,98|0,00|0,00|
|C110|000001||
|C110|000002||
|C110|000003||
|C110|000004||
|C110|000005||
|C175|5405|32,64|0,00|01|32,64|0,6500|||0,20|01|32,64|3,0000|||0,98|||
|C100|1|0||65|00|001|9774|31220741132335000140650010000097741322679552|12072022|12072022|625,00|0|0,00||625,00|9|0,00|0,00|0,00|0,00|0,00||||4,08|18,78|0,00|0,00|
|C110|000001||
|C110|000002||
|C110|000003||
|C110|000004||
|C110|000005||
|C175|5405|625,00|0,00|01|625,00|0,6500|||4,08|01|625,00|3,0000|||18,78|||
|C100|1|0||65|00|001|9775|31220741132335000140650010000097751342967810|12072022|12072022|5,95|1|0,00||5,95|9|0,00|0,00|0,00|0,00|0,00||||0,03|0,19|0,00|0,00|
|C110|000001||
|C110|000002||
|C110|000003||
|C110|000004||
|C110|000005||
|C175|5405|5,95|0,00|01|5,95|0,6500|||0,03|01|5,95|3,0000|||0,19|||
|C100|1|0|1629|55|00|1|1761|31220741132335000140550010000017611782127840|12072022|12072022|108,65|1|0,00||108,65|1|0,00|0,00|0,00|0,00|0,00|0,00|0,00|0,00|0,71|3,26|0,00|0,00|
|C110|000006||
|C110|000001||
|C110|000002||
|C110|000003||
|C110|000004||
|C110|000005||
|C170|1|345||1,00000|UN|52,00|0,00|0|060|5405||0,00|0,00|0,00|0,00|0,00|0,00|0|||0,00|0,00|0,00|01|52,00|0,6500|||0,34|01|52,00|3,0000|||1,56||
|C170|2|3224||1,00000|UN|8,70|0,00|0|060|5405||0,00|0,00|0,00|0,00|0,00|0,00|0|||0,00|0,00|0,00|01|8,70|0,6500|||0,06|01|8,70|3,0000|||0,26||
|C170|3|3531||2,00000|UN|43,10|0,00|0|060|5405||0,00|0,00|0,00|0,00|0,00|0,00|0|||0,00|0,00|0,00|01|43,10|0,6500|||0,28|01|43,10|3,0000|||1,29||
|C170|4|674||1,00000|UN|4,85|0,00|0|060|5405||0,00|0,00|0,00|0,00|0,00|0,00|0|||0,00|0,00|0,00|01|4,85|0,6500|||0,03|01|4,85|3,0000|||0,15||
|C100|1|0|750|55|00|1|1763|31220741132335000140550010000017631989322220|12072022|12072022|500,80|1|0,00||500,80|1|0,00|0,00|0,00|0,00|0,00|0,00|0,00|0,00|3,26|15,03|0,00|0,00|
|C110|000006||
|C110|000001||
|C110|000002||
|C110|000003||
|C110|000004||
|C110|000005||
|C170|1|2599||60,00000|UN|405,60|0,00|0|060|5405||0,00|0,00|0,00|0,00|0,00|0,00|0|||0,00|0,00|0,00|01|405,60|0,6500|||2,64|01|405,60|3,0000|||12,17||
|C170|2|1742||20,00000|UN|95,20|0,00|0|060|5405||0,00|0,00|0,00|0,00|0,00|0,00|0|||0,00|0,00|0,00|01|95,20|0,6500|||0,62|01|95,20|3,0000|||2,86||
|C100|1|0|2655|55|00|1|1764|31220741132335000140550010000017641658749259|12072022|12072022|7900,00|1|0,00||7900,00|1|0,00|0,00|0,00|0,00|0,00|0,00|0,00|0,00|51,35|237,01|0,00|0,00|
|C110|000006||
|C110|000001||
|C110|000002||
|C110|000003||
|C110|000004||
|C110|000005||
|C170|1|157||20,00000|MT|323,60|0,00|0|060|5405||0,00|0,00|0,00|0,00|0,00|0,00|0|||0,00|0,00|0,00|01|323,60|0,6500|||2,10|01|323,60|3,0000|||9,71||
|C170|2|4196||8,00000|UN|550,40|0,00|0|060|5405||0,00|0,00|0,00|0,00|0,00|0,00|0|||0,00|0,00|0,00|01|550,40|0,6500|||3,58|01|550,40|3,0000|||16,51||
|C170|3|153||50,00000|MT|193,50|0,00|0|060|5405||0,00|0,00|0,00|0,00|0,00|0,00|0|||0,00|0,00|0,00|01|193,50|0,6500|||1,26|01|193,50|3,0000|||5,81||
|C170|4|2086||10,00000|MT|161,80|0,00|0|060|5405||0,00|0,00|0,00|0,00|0,00|0,00|0|||0,00|0,00|0,00|01|161,80|0,6500|||1,05|01|161,80|3,0000|||4,85||
|C170|5|151||200,00000|MT|308,00|0,00|0|060|5405||0,00|0,00|0,00|0,00|0,00|0,00|0|||0,00|0,00|0,00|01|308,00|0,6500|||2,00|01|308,00|3,0000|||9,24||
|C170|6|2069||834,00000|MT|2018,28|0,00|0|060|5405||0,00|0,00|0,00|0,00|0,00|0,00|0|||0,00|0,00|0,00|01|2018,28|0,6500|||13,12|01|2018,28|3,0000|||60,55||
|C170|7|190||3,00000|UN|229,35|0,00|0|060|5405||0,00|0,00|0,00|0,00|0,00|0,00|0|||0,00|0,00|0,00|01|229,35|0,6500|||1,49|01|229,35|3,0000|||6,88||
|C170|8|5541||1,00000|UN|609,63|0,00|0|060|5405||0,00|0,00|0,00|0,00|0,00|0,00|0|||0,00|0,00|0,00|01|609,63|0,6500|||3,96|01|609,63|3,0000|||18,29||
|C170|9|154||50,00000|MT|282,50|0,00|0|060|5405||0,00|0,00|0,00|0,00|0,00|0,00|0|||0,00|0,00|0,00|01|282,50|0,6500|||1,84|01|282,50|3,0000|||8,48||
|C170|10|3521||1,00000|UN|66,25|0,00|0|060|5405||0,00|0,00|0,00|0,00|0,00|0,00|0|||0,00|0,00|0,00|01|66,25|0,6500|||0,43|01|66,25|3,0000|||1,99||
|C170|11|152||600,00000|MT|1452,00|0,00|0|060|5405||0,00|0,00|0,00|0,00|0,00|0,00|0|||0,00|0,00|0,00|01|1452,00|0,6500|||9,44|01|1452,00|3,0000|||43,56||
|C170|12|2085||10,00000|MT|161,80|0,00|0|060|5405||0,00|0,00|0,00|0,00|0,00|0,00|0|||0,00|0,00|0,00|01|161,80|0,6500|||1,05|01|161,80|3,0000|||4,85||
|C170|13|1233||2,00000|UN|610,32|0,00|0|060|5405||0,00|0,00|0,00|0,00|0,00|0,00|0|||0,00|0,00|0,00|01|610,32|0,6500|||3,97|01|610,32|3,0000|||18,31||
|C170|14|6095||1,00000|UN|932,57|0,00|0|060|5405||0,00|0,00|0,00|0,00|0,00|0,00|0|||0,00|0,00|0,00|01|932,57|0,6500|||6,06|01|932,57|3,0000|||27,98||
|C100|1|0|2655|55|00|1|1765|31220741132335000140550010000017651679037514|12072022|12072022|900,00|1|0,00||900,00|1|0,00|0,00|0,00|0,00|0,00|0,00|0,00|0,00|5,85|27,00|0,00|0,00|
|C110|000006||
|C110|000001||
|C110|000002||
|C110|000003||
|C110|000004||
|C110|000005||
|C170|1|3511||150,00000|RL|900,00|0,00|0|060|5405||0,00|0,00|0,00|0,00|0,00|0,00|0|||0,00|0,00|0,00|01|900,00|0,6500|||5,85|01|900,00|3,0000|||27,00||
|C100|1|0|3428|55|00|1|1767|31220741132335000140550010000017671402440420|12072022|12072022|1087,00|1|0,00||1087,00|1|0,00|0,00|0,00|0,00|0,00|0,00|0,00|0,00|7,07|32,62|0,00|0,00|
|C110|000001||
|C110|000002||
|C110|000003||
|C110|000004||
|C110|000005||
|C170|1|3590||50,00000|MT|228,58|0,00|0|060|5405||0,00|0,00|0,00|0,00|0,00|0,00|0|||0,00|0,00|0,00|01|228,58|0,6500|||1,49|01|228,58|3,0000|||6,86||
|C170|2|3592||30,00000|UN|109,54|0,00|0|060|5405||0,00|0,00|0,00|0,00|0,00|0,00|0|||0,00|0,00|0,00|01|109,54|0,6500|||0,71|01|109,54|3,0000|||3,29||
|C170|3|1142||200,00000|MT|634,23|0,00|0|060|5405||0,00|0,00|0,00|0,00|0,00|0,00|0|||0,00|0,00|0,00|01|634,23|0,6500|||4,12|01|634,23|3,0000|||19,03||
|C170|4|3591||30,00000|UN|114,65|0,00|0|060|5405||0,00|0,00|0,00|0,00|0,00|0,00|0|||0,00|0,00|0,00|01|114,65|0,6500|||0,75|01|114,65|3,0000|||3,44||
|C100|1|0||65|00|001|9776|31220741132335000140650010000097761363256073|12072022|12072022|128,20|1|0,00||128,20|9|0,00|0,00|0,00|0,00|0,00||||0,81|3,85|0,00|0,00|
|C110|000001||
|C110|000002||
|C110|000003||
|C110|000004||
|C110|000005||
|C175|5405|128,20|0,00|01|128,20|0,6500|||0,81|01|128,20|3,0000|||3,85|||
|C100|1|0||65|00|001|9777|31220741132335000140650010000097771383544349|12072022|12072022|142,93|1|0,00||142,93|9|0,00|0,00|0,00|0,00|0,00||||0,94|4,30|0,00|0,00|
|C110|000001||
|C110|000002||
|C110|000003||
|C110|000004||
|C110|000005||
|C175|5405|142,93|0,00|01|142,93|0,6500|||0,94|01|142,93|3,0000|||4,30|||
|C100|1|0||65|00|001|9778|31220741132335000140650010000097781403832600|12072022|12072022|1467,49|1|0,00||1467,49|9|0,00|0,00|0,00|11,55|2,08||||9,56|44,04|0,00|0,00|
|C110|000001||
|C110|000002||
|C110|000003||
|C110|000004||
|C110|000005||
|C175|5102|11,55|0,00|01|11,55|0,6500|||0,08|01|11,55|3,0000|||0,35|||
|C175|5405|1455,94|0,00|01|1455,94|0,6500|||9,48|01|1455,94|3,0000|||43,69|||
|C100|1|0|2655|55|00|1|1768|31220741132335000140550010000017681739902307|12072022|12072022|622,47|1|0,00||622,47|1|0,00|0,00|0,00|57,07|10,27|0,00|0,00|0,00|4,06|18,69|0,00|0,00|
|C110|000006||
|C110|000001||
|C110|000002||
|C110|000003||
|C110|000004||
|C110|000005||
|C170|1|4196||1,00000|UN|49,55|0,00|0|060|5405||0,00|0,00|0,00|0,00|0,00|0,00|0|||0,00|0,00|0,00|01|49,55|0,6500|||0,32|01|49,55|3,0000|||1,49||
|C170|2|6011||1,00000|UN|13,13|0,00|0|060|5405||0,00|0,00|0,00|0,00|0,00|0,00|0|||0,00|0,00|0,00|01|13,13|0,6500|||0,09|01|13,13|3,0000|||0,39||
|C170|3|6328||1,00000|MT|109,76|0,00|0|060|5405||0,00|0,00|0,00|0,00|0,00|0,00|0|||0,00|0,00|0,00|01|109,76|0,6500|||0,71|01|109,76|3,0000|||3,29||
|C170|4|3242||1,00000|UN|1,64|0,00|0|060|5405||0,00|0,00|0,00|0,00|0,00|0,00|0|||0,00|0,00|0,00|01|1,64|0,6500|||0,01|01|1,64|3,0000|||0,05||
|C170|5|5675||12,00000|UN|25,56|0,00|0|060|5405||0,00|0,00|0,00|0,00|0,00|0,00|0|||0,00|0,00|0,00|01|25,56|0,6500|||0,17|01|25,56|3,0000|||0,77||
|C170|6|3043||1,00000|UN|31,95|0,00|0|000|5102||31,95|18,00|5,75|0,00|0,00|0,00|0|||0,00|0,00|0,00|01|31,95|0,6500|||0,21|01|31,95|3,0000|||0,96||
|C170|7|3752||1,00000|UN|64,98|0,00|0|060|5405||0,00|0,00|0,00|0,00|0,00|0,00|0|||0,00|0,00|0,00|01|64,98|0,6500|||0,42|01|64,98|3,0000|||1,95||
|C170|8|2222||4,00000|MT|25,12|0,00|0|000|5102||25,12|18,00|4,52|0,00|0,00|0,00|0|||0,00|0,00|0,00|01|25,12|0,6500|||0,16|01|25,12|3,0000|||0,75||
|C170|9|5576||100,00000|UN|12,00|0,00|0|060|5405||0,00|0,00|0,00|0,00|0,00|0,00|0|||0,00|0,00|0,00|01|12,00|0,6500|||0,08|01|12,00|3,0000|||0,36||
|C170|10|6599||1,00000|UN|22,41|0,00|0|060|5405||0,00|0,00|0,00|0,00|0,00|0,00|0|||0,00|0,00|0,00|01|22,41|0,6500|||0,15|01|22,41|3,0000|||0,67||
|C170|11|3987||3,00000|UN|112,68|0,00|0|060|5405||0,00|0,00|0,00|0,00|0,00|0,00|0|||0,00|0,00|0,00|01|112,68|0,6500|||0,73|01|112,68|3,0000|||3,38||
|C170|12|1402||1,00000|UN|13,17|0,00|0|060|5405||0,00|0,00|0,00|0,00|0,00|0,00|0|||0,00|0,00|0,00|01|13,17|0,6500|||0,09|01|13,17|3,0000|||0,40||
|C170|13|5676||1,00000|UN|1,63|0,00|0|060|5405||0,00|0,00|0,00|0,00|0,00|0,00|0|||0,00|0,00|0,00|01|1,63|0,6500|||0,01|01|1,63|3,0000|||0,05||
|C170|14|3241||20,00000|MT|25,00|0,00|0|060|5405||0,00|0,00|0,00|0,00|0,00|0,00|0|||0,00|0,00|0,00|01|25,00|0,6500|||0,16|01|25,00|3,0000|||0,75||
|C170|15|5661||15,00000|UN|65,85|0,00|0|060|5405||0,00|0,00|0,00|0,00|0,00|0,00|0|||0,00|0,00|0,00|01|65,85|0,6500|||0,43|01|65,85|3,0000|||1,98||
|C170|16|1772||2,00000|UN|2,54|0,00|0|060|5405||0,00|0,00|0,00|0,00|0,00|0,00|0|||0,00|0,00|0,00|01|2,54|0,6500|||0,02|01|2,54|3,0000|||0,08||
|C170|17|5663||10,00000|UN|45,50|0,00|0|060|5405||0,00|0,00|0,00|0,00|0,00|0,00|0|||0,00|0,00|0,00|01|45,50|0,6500|||0,30|01|45,50|3,0000|||1,37||
|C100|1|0||65|00|001|9779|31220741132335000140650010000097791424120860|13072022|13072022|103,16|1|0,00||103,16|9|0,00|0,00|0,00|0,00|0,00||||0,66|3,09|0,00|0,00|
|C110|000001||
|C110|000002||
|C110|000003||
|C110|000004||
|C110|000005||
|C175|5405|103,16|0,00|01|103,16|0,6500|||0,66|01|103,16|3,0000|||3,09|||
|C100|1|0|3429|55|00|1|1770|31220741132335000140550010000017701483593473|13072022|13072022|431,00|1|0,00||431,00|1|0,00|0,00|0,00|0,00|0,00|0,00|0,00|0,00|2,80|12,93|0,00|0,00|
|C110|000001||
|C110|000002||
|C110|000003||
|C110|000004||
|C110|000005||
|C170|1|5202||1,00000|UN|431,00|0,00|0|060|5405||0,00|0,00|0,00|0,00|0,00|0,00|0|||0,00|0,00|0,00|01|431,00|0,6500|||2,80|01|431,00|3,0000|||12,93||
|C100|1|0|2011|55|00|1|1771|31220741132335000140550010000017711735126472|13072022|13072022|91,30|1|0,00||91,30|1|0,00|0,00|0,00|13,45|2,42|0,00|0,00|0,00|0,59|2,74|0,00|0,00|
|C110|000006||
|C110|000001||
|C110|000002||
|C110|000003||
|C110|000004||
|C110|000005||
|C170|1|2069||5,00000|MT|12,65|0,00|0|060|5405||0,00|0,00|0,00|0,00|0,00|0,00|0|||0,00|0,00|0,00|01|12,65|0,6500|||0,08|01|12,65|3,0000|||0,38||
|C170|2|152||5,00000|MT|12,65|0,00|0|060|5405||0,00|0,00|0,00|0,00|0,00|0,00|0|||0,00|0,00|0,00|01|12,65|0,6500|||0,08|01|12,65|3,0000|||0,38||
|C170|3|3873||1,00000|UN|5,60|0,00|0|060|5405||0,00|0,00|0,00|0,00|0,00|0,00|0|||0,00|0,00|0,00|01|5,60|0,6500|||0,04|01|5,60|3,0000|||0,17||
|C170|4|803||1,00000|UN|13,45|0,00|0|000|5102||13,45|18,00|2,42|0,00|0,00|0,00|0|||0,00|0,00|0,00|01|13,45|0,6500|||0,09|01|13,45|3,0000|||0,40||
|C170|5|2068||5,00000|MT|12,65|0,00|0|060|5405||0,00|0,00|0,00|0,00|0,00|0,00|0|||0,00|0,00|0,00|01|12,65|0,6500|||0,08|01|12,65|3,0000|||0,38||
|C170|6|2063||1,00000|MT|27,60|0,00|0|060|5405||0,00|0,00|0,00|0,00|0,00|0,00|0|||0,00|0,00|0,00|01|27,60|0,6500|||0,18|01|27,60|3,0000|||0,83||
|C170|7|3876||1,00000|UN|6,70|0,00|0|060|5405||0,00|0,00|0,00|0,00|0,00|0,00|0|||0,00|0,00|0,00|01|6,70|0,6500|||0,04|01|6,70|3,0000|||0,20||
|C100|1|0||65|00|001|9780|31220741132335000140650010000097801444409123|13072022|13072022|14,14|1|0,00||14,14|9|0,00|0,00|0,00|0,00|0,00||||0,09|0,42|0,00|0,00|
|C110|000001||
|C110|000002||
|C110|000003||
|C110|000004||
|C110|000005||
|C175|5405|14,14|0,00|01|14,14|0,6500|||0,09|01|14,14|3,0000|||0,42|||
|C100|1|0|3378|55|00|1|1772|31220741132335000140550010000017721489468640|13072022|13072022|435,25|1|195,91||435,25|1|0,00|0,00|0,00|6,08|1,09|0,00|0,00|0,00|2,83|13,04|0,00|0,00|
|C110|000001||
|C110|000002||
|C110|000003||
|C110|000004||
|C110|000005||
|C170|1|5675||1,00000|UN|2,00|0,90|0|060|5405||0,00|0,00|0,00|0,00|0,00|0,00|0|||0,00|0,00|0,00|01|2,00|0,6500|||0,01|01|2,00|3,0000|||0,06||
|C170|2|153||25,00000|MT|64,13|28,87|0|060|5405||0,00|0,00|0,00|0,00|0,00|0,00|0|||0,00|0,00|0,00|01|64,13|0,6500|||0,42|01|64,13|3,0000|||1,92||
|C170|3|5674||1,00000|UN|2,00|0,90|0|060|5405||0,00|0,00|0,00|0,00|0,00|0,00|0|||0,00|0,00|0,00|01|2,00|0,6500|||0,01|01|2,00|3,0000|||0,06||
|C170|4|286||1,00000|UN|15,73|7,08|0|060|5405||0,00|0,00|0,00|0,00|0,00|0,00|0|||0,00|0,00|0,00|01|15,73|0,6500|||0,10|01|15,73|3,0000|||0,47||
|C170|5|2153||3,00000|UN|6,08|2,74|0|000|5102||6,08|18,00|1,09|0,00|0,00|0,00|0|||0,00|0,00|0,00|01|6,08|0,6500|||0,04|01|6,08|3,0000|||0,18||
|C170|6|5664||2,00000|UN|7,10|3,20|0|060|5405||0,00|0,00|0,00|0,00|0,00|0,00|0|||0,00|0,00|0,00|01|7,10|0,6500|||0,05|01|7,10|3,0000|||0,21||
|C170|7|2035||1,00000|UN|6,31|2,84|0|060|5405||0,00|0,00|0,00|0,00|0,00|0,00|0|||0,00|0,00|0,00|01|6,31|0,6500|||0,04|01|6,31|3,0000|||0,19||
|C170|8|5661||13,00000|UN|55,67|25,06|0|060|5405||0,00|0,00|0,00|0,00|0,00|0,00|0|||0,00|0,00|0,00|01|55,67|0,6500|||0,36|01|55,67|3,0000|||1,67||
|C170|9|5666||2,00000|UN|8,83|3,97|0|060|5405||0,00|0,00|0,00|0,00|0,00|0,00|0|||0,00|0,00|0,00|01|8,83|0,6500|||0,06|01|8,83|3,0000|||0,26||
|C170|10|2066||40,00000|MT|40,27|18,13|0|060|5405||0,00|0,00|0,00|0,00|0,00|0,00|0|||0,00|0,00|0,00|01|40,27|0,6500|||0,26|01|40,27|3,0000|||1,21||
|C170|11|5666||1,00000|UN|4,41|1,98|0|060|5405||0,00|0,00|0,00|0,00|0,00|0,00|0|||0,00|0,00|0,00|01|4,41|0,6500|||0,03|01|4,41|3,0000|||0,13||
|C170|12|5675||1,00000|UN|2,00|0,90|0|060|5405||0,00|0,00|0,00|0,00|0,00|0,00|0|||0,00|0,00|0,00|01|2,00|0,6500|||0,01|01|2,00|3,0000|||0,06||
|C170|13|5668||1,00000|UN|10,21|4,60|0|060|5405||0,00|0,00|0,00|0,00|0,00|0,00|0|||0,00|0,00|0,00|01|10,21|0,6500|||0,07|01|10,21|3,0000|||0,31||
|C170|14|46||1,00000|UN|5,14|2,31|0|060|5405||0,00|0,00|0,00|0,00|0,00|0,00|0|||0,00|0,00|0,00|01|5,14|0,6500|||0,03|01|5,14|3,0000|||0,15||
|C170|15|5679||8,00000|UN|32,01|14,39|0|060|5405||0,00|0,00|0,00|0,00|0,00|0,00|0|||0,00|0,00|0,00|01|32,01|0,6500|||0,21|01|32,01|3,0000|||0,96||
|C170|16|2114||20,00000|MT|71,72|32,28|0|060|5405||0,00|0,00|0,00|0,00|0,00|0,00|0|||0,00|0,00|0,00|01|71,72|0,6500|||0,47|01|71,72|3,0000|||2,15||
|C170|17|5674||2,00000|UN|4,00|1,80|0|060|5405||0,00|0,00|0,00|0,00|0,00|0,00|0|||0,00|0,00|0,00|01|4,00|0,6500|||0,03|01|4,00|3,0000|||0,12||
|C170|18|2070||30,00000|MT|48,20|21,70|0|060|5405||0,00|0,00|0,00|0,00|0,00|0,00|0|||0,00|0,00|0,00|01|48,20|0,6500|||0,31|01|48,20|3,0000|||1,45||
|C170|19|5663||15,00000|UN|49,44|22,26|0|060|5405||0,00|0,00|0,00|0,00|0,00|0,00|0|||0,00|0,00|0,00|01|49,44|0,6500|||0,32|01|49,44|3,0000|||1,48||
|C100|1|0||65|00|001|9781|31220741132335000140650010000097811464697385|13072022|13072022|32,42|1|0,00||32,42|9|0,00|0,00|0,00|0,00|0,00||||0,21|0,98|0,00|0,00|
|C110|000001||
|C110|000002||
|C110|000003||
|C110|000004||
|C110|000005||
|C175|5405|32,42|0,00|01|32,42|0,6500|||0,21|01|32,42|3,0000|||0,98|||
|C100|1|0||65|00|001|9782|31220741132335000140650010000097821484985642|13072022|13072022|77,72|1|0,00||77,72|9|0,00|0,00|0,00|0,00|0,00||||0,49|2,33|0,00|0,00|
|C110|000001||
|C110|000002||
|C110|000003||
|C110|000004||
|C110|000005||
|C175|5405|77,72|0,00|01|77,72|0,6500|||0,49|01|77,72|3,0000|||2,33|||
|C100|1|0||65|00|001|9783|31220741132335000140650010000097831505273910|13072022|13072022|31,42|1|0,00||31,42|9|0,00|0,00|0,00|0,00|0,00||||0,20|0,94|0,00|0,00|
|C110|000001||
|C110|000002||
|C110|000003||
|C110|000004||
|C110|000005||
|C175|5405|31,42|0,00|01|31,42|0,6500|||0,20|01|31,42|3,0000|||0,94|||
|C100|1|0||65|00|001|9784|31220741132335000140650010000097841525562176|13072022|13072022|72,67|1|0,00||72,67|9|0,00|0,00|0,00|0,00|0,00||||0,47|2,18|0,00|0,00|
|C110|000001||
|C110|000002||
|C110|000003||
|C110|000004||
|C110|000005||
|C175|5405|72,67|0,00|01|72,67|0,6500|||0,47|01|72,67|3,0000|||2,18|||
|C100|1|0||65|00|001|9785|31220741132335000140650010000097851545850433|13072022|13072022|346,17|1|0,00||346,17|9|0,00|0,00|0,00|0,00|0,00||||2,24|10,39|0,00|0,00|
|C110|000001||
|C110|000002||
|C110|000003||
|C110|000004||
|C110|000005||
|C175|5405|346,17|0,00|01|346,17|0,6500|||2,24|01|346,17|3,0000|||10,39|||
|C100|1|0||65|00|001|9787|31220741132335000140650010000097871586426959|13072022|13072022|37,11|1|0,00||37,11|9|0,00|0,00|0,00|0,00|0,00||||0,23|1,12|0,00|0,00|
|C110|000001||
|C110|000002||
|C110|000003||
|C110|000004||
|C110|000005||
|C175|5405|37,11|0,00|01|37,11|0,6500|||0,23|01|37,11|3,0000|||1,12|||
|C100|1|0||65|00|001|9788|31220741132335000140650010000097881606715214|13072022|13072022|40,08|1|0,00||40,08|9|0,00|0,00|0,00|0,00|0,00||||0,24|1,20|0,00|0,00|
|C110|000001||
|C110|000002||
|C110|000003||
|C110|000004||
|C110|000005||
|C175|5405|40,08|0,00|01|40,08|0,6500|||0,24|01|40,08|3,0000|||1,20|||
|C100|1|0||65|00|001|9789|31220741132335000140650010000097891627003482|13072022|13072022|83,04|1|0,00||83,04|9|0,00|0,00|0,00|44,10|7,94||||0,53|2,49|0,00|0,00|
|C110|000001||
|C110|000002||
|C110|000003||
|C110|000004||
|C110|000005||
|C175|5102|44,10|0,00|01|44,10|0,6500|||0,28|01|44,10|3,0000|||1,32|||
|C175|5405|38,94|0,00|01|38,94|0,6500|||0,25|01|38,94|3,0000|||1,17|||
|C100|1|0||65|00|001|9790|31220741132335000140650010000097901647291743|13072022|13072022|18,37|1|0,00||18,37|9|0,00|0,00|0,00|0,00|0,00||||0,12|0,55|0,00|0,00|
|C110|000001||
|C110|000002||
|C110|000003||
|C110|000004||
|C110|000005||
|C175|5405|18,37|0,00|01|18,37|0,6500|||0,12|01|18,37|3,0000|||0,55|||
|C100|1|0||65|00|001|9791|31220741132335000140650010000097911667580004|13072022|13072022|13,00|0|0,00||13,00|9|0,00|0,00|0,00|0,00|0,00||||0,08|0,39|0,00|0,00|
|C110|000001||
|C110|000002||
|C110|000003||
|C110|000004||
|C110|000005||
|C175|5405|13,00|0,00|01|13,00|0,6500|||0,08|01|13,00|3,0000|||0,39|||
|C100|1|0||65|00|001|9792|31220741132335000140650010000097921687868264|13072022|13072022|32,94|1|0,00||32,94|9|0,00|0,00|0,00|0,00|0,00||||0,20|0,99|0,00|0,00|
|C110|000001||
|C110|000002||
|C110|000003||
|C110|000004||
|C110|000005||
|C175|5405|32,94|0,00|01|32,94|0,6500|||0,20|01|32,94|3,0000|||0,99|||
|C100|1|0||65|00|001|9793|31220741132335000140650010000097931708156524|13072022|13072022|66,31|1|0,00||66,31|9|0,00|0,00|0,00|0,00|0,00||||0,43|2,00|0,00|0,00|
|C110|000001||
|C110|000002||
|C110|000003||
|C110|000004||
|C110|000005||
|C175|5405|66,31|0,00|01|66,31|0,6500|||0,43|01|66,31|3,0000|||2,00|||
|C100|1|0||65|00|001|9794|31220741132335000140650010000097941728444786|13072022|13072022|26,32|1|0,00||26,32|9|0,00|0,00|0,00|0,00|0,00||||0,16|0,80|0,00|0,00|
|C110|000001||
|C110|000002||
|C110|000003||
|C110|000004||
|C110|000005||
|C175|5405|26,32|0,00|01|26,32|0,6500|||0,16|01|26,32|3,0000|||0,80|||
|C100|1|0|3337|55|00|1|1773|31220741132335000140550010000017731677938176|13072022|13072022|12865,00|1|0,00||12865,00|1|0,00|0,00|0,00|9,39|1,69|0,00|0,00|0,00|83,62|385,94|0,00|0,00|
|C110|000001||
|C110|000002||
|C110|000003||
|C110|000004||
|C110|000005||
|C170|1|3801||1,00000|UN|30,30|0,00|0|060|5405||0,00|0,00|0,00|0,00|0,00|0,00|0|||0,00|0,00|0,00|01|30,30|0,6500|||0,20|01|30,30|3,0000|||0,91||
|C170|2|5661||12,00000|UN|81,60|0,00|0|060|5405||0,00|0,00|0,00|0,00|0,00|0,00|0|||0,00|0,00|0,00|01|81,60|0,6500|||0,53|01|81,60|3,0000|||2,45||
|C170|3|4508||1,00000|UN|48,36|0,00|0|060|5405||0,00|0,00|0,00|0,00|0,00|0,00|0|||0,00|0,00|0,00|01|48,36|0,6500|||0,31|01|48,36|3,0000|||1,45||
|C170|4|3433||1,00000|UN|8,54|0,00|0|060|5405||0,00|0,00|0,00|0,00|0,00|0,00|0|||0,00|0,00|0,00|01|8,54|0,6500|||0,06|01|8,54|3,0000|||0,26||
|C170|5|5677||1,00000|UN|2,68|0,00|0|060|5405||0,00|0,00|0,00|0,00|0,00|0,00|0|||0,00|0,00|0,00|01|2,68|0,6500|||0,02|01|2,68|3,0000|||0,08||
|C170|6|3497||1,00000|RL|210,42|0,00|0|060|5405||0,00|0,00|0,00|0,00|0,00|0,00|0|||0,00|0,00|0,00|01|210,42|0,6500|||1,37|01|210,42|3,0000|||6,31||
|C170|7|5675||2,00000|UN|5,36|0,00|0|060|5405||0,00|0,00|0,00|0,00|0,00|0,00|0|||0,00|0,00|0,00|01|5,36|0,6500|||0,03|01|5,36|3,0000|||0,16||
|C170|8|154||45,00000|MT|228,15|0,00|0|060|5405||0,00|0,00|0,00|0,00|0,00|0,00|0|||0,00|0,00|0,00|01|228,15|0,6500|||1,48|01|228,15|3,0000|||6,84||
|C170|9|5665||7,00000|UN|28,84|0,00|0|060|5405||0,00|0,00|0,00|0,00|0,00|0,00|0|||0,00|0,00|0,00|01|28,84|0,6500|||0,19|01|28,84|3,0000|||0,87||
|C170|10|3794||3,00000|UN|25,74|0,00|0|060|5405||0,00|0,00|0,00|0,00|0,00|0,00|0|||0,00|0,00|0,00|01|25,74|0,6500|||0,17|01|25,74|3,0000|||0,77||
|C170|11|5493||80,00000|UN|11920,00|0,00|0|060|5405||0,00|0,00|0,00|0,00|0,00|0,00|0|||0,00|0,00|0,00|01|11920,00|0,6500|||77,48|01|11920,00|3,0000|||357,60||
|C170|12|466||1,00000|UN|5,31|0,00|0|060|5405||0,00|0,00|0,00|0,00|0,00|0,00|0|||0,00|0,00|0,00|01|5,31|0,6500|||0,03|01|5,31|3,0000|||0,16||
|C170|13|338||1,00000|UN|9,39|0,00|0|000|5102||9,39|18,00|1,69|0,00|0,00|0,00|0|||0,00|0,00|0,00|01|9,39|0,6500|||0,06|01|9,39|3,0000|||0,28||
|C170|14|1943||1,00000|UN|41,73|0,00|0|060|5405||0,00|0,00|0,00|0,00|0,00|0,00|0|||0,00|0,00|0,00|01|41,73|0,6500|||0,27|01|41,73|3,0000|||1,25||
|C170|15|5678||2,00000|UN|5,36|0,00|0|060|5405||0,00|0,00|0,00|0,00|0,00|0,00|0|||0,00|0,00|0,00|01|5,36|0,6500|||0,03|01|5,36|3,0000|||0,16||
|C170|16|3499||1,00000|RL|210,42|0,00|0|060|5405||0,00|0,00|0,00|0,00|0,00|0,00|0|||0,00|0,00|0,00|01|210,42|0,6500|||1,37|01|210,42|3,0000|||6,31||
|C170|17|5676||1,00000|UN|2,80|0,00|0|060|5405||0,00|0,00|0,00|0,00|0,00|0,00|0|||0,00|0,00|0,00|01|2,80|0,6500|||0,02|01|2,80|3,0000|||0,08||
|C100|1|0|3337|55|00|1|1774|31220741132335000140550010000017741698226431|13072022|13072022|8132,34|1|0,00||8132,34|1|0,00|0,00|0,00|0,00|0,00|0,00|0,00|0,00|52,86|243,97|0,00|0,00|
|C110|000001||
|C110|000002||
|C110|000003||
|C110|000004||
|C110|000005||
|C170|1|5493||5,00000|UN|820,00|0,00|0|060|5405||0,00|0,00|0,00|0,00|0,00|0,00|0|||0,00|0,00|0,00|01|820,00|0,6500|||5,33|01|820,00|3,0000|||24,60||
|C170|2|2763||40,00000|UN|4,40|0,00|0|060|5405||0,00|0,00|0,00|0,00|0,00|0,00|0|||0,00|0,00|0,00|01|4,40|0,6500|||0,03|01|4,40|3,0000|||0,13||
|C170|3|2113||5,00000|MT|17,70|0,00|0|060|5405||0,00|0,00|0,00|0,00|0,00|0,00|0|||0,00|0,00|0,00|01|17,70|0,6500|||0,12|01|17,70|3,0000|||0,53||
|C170|4|3770||80,00000|UN|34,40|0,00|0|060|5405||0,00|0,00|0,00|0,00|0,00|0,00|0|||0,00|0,00|0,00|01|34,40|0,6500|||0,22|01|34,40|3,0000|||1,03||
|C170|5|5674||2,00000|UN|7,20|0,00|0|060|5405||0,00|0,00|0,00|0,00|0,00|0,00|0|||0,00|0,00|0,00|01|7,20|0,6500|||0,05|01|7,20|3,0000|||0,22||
|C170|6|4333||50,00000|UN|4450,00|0,00|0|060|5405||0,00|0,00|0,00|0,00|0,00|0,00|0|||0,00|0,00|0,00|01|4450,00|0,6500|||28,93|01|4450,00|3,0000|||133,50||
|C170|7|175||1,00000|UN|224,91|0,00|0|060|5405||0,00|0,00|0,00|0,00|0,00|0,00|0|||0,00|0,00|0,00|01|224,91|0,6500|||1,46|01|224,91|3,0000|||6,75||
|C170|8|466||1,00000|UN|6,25|0,00|0|060|5405||0,00|0,00|0,00|0,00|0,00|0,00|0|||0,00|0,00|0,00|01|6,25|0,6500|||0,04|01|6,25|3,0000|||0,19||
|C170|9|2762||40,00000|UN|8,00|0,00|0|060|5405||0,00|0,00|0,00|0,00|0,00|0,00|0|||0,00|0,00|0,00|01|8,00|0,6500|||0,05|01|8,00|3,0000|||0,24||
|C170|10|1375||80,00000|UN|8,00|0,00|0|060|5405||0,00|0,00|0,00|0,00|0,00|0,00|0|||0,00|0,00|0,00|01|8,00|0,6500|||0,05|01|8,00|3,0000|||0,24||
|C170|11|1055||100,00000|MT|2537,00|0,00|0|060|5405||0,00|0,00|0,00|0,00|0,00|0,00|0|||0,00|0,00|0,00|01|2537,00|0,6500|||16,49|01|2537,00|3,0000|||76,11||
|C170|12|4186||2,00000|UN|14,48|0,00|0|060|5405||0,00|0,00|0,00|0,00|0,00|0,00|0|||0,00|0,00|0,00|01|14,48|0,6500|||0,09|01|14,48|3,0000|||0,43||
|C100|1|0|2892|55|00|1|1776|31220741132335000140550010000017761710526449|14072022|14072022|120,40|0|9,05||120,40|1|0,00|0,00|0,00|0,00|0,00|0,00|0,00|0,00|0,77|3,62|0,00|0,00|
|C110|000006||
|C110|000001||
|C110|000002||
|C110|000003||
|C110|000004||
|C110|000005||
|C170|1|6517||2,00000|UN|30,27|2,28|0|060|5405||0,00|0,00|0,00|0,00|0,00|0,00|0|||0,00|0,00|0,00|01|30,27|0,6500|||0,20|01|30,27|3,0000|||0,91||
|C170|2|4184||2,00000|UN|15,63|1,17|0|060|5405||0,00|0,00|0,00|0,00|0,00|0,00|0|||0,00|0,00|0,00|01|15,63|0,6500|||0,10|01|15,63|3,0000|||0,47||
|C170|3|5677||7,00000|UN|20,51|1,54|0|060|5405||0,00|0,00|0,00|0,00|0,00|0,00|0|||0,00|0,00|0,00|01|20,51|0,6500|||0,13|01|20,51|3,0000|||0,62||
|C170|4|692||2,00000|UN|6,32|0,48|0|060|5405||0,00|0,00|0,00|0,00|0,00|0,00|0|||0,00|0,00|0,00|01|6,32|0,6500|||0,04|01|6,32|3,0000|||0,19||
|C170|5|5059||2,00000|UN|14,60|1,10|0|060|5405||0,00|0,00|0,00|0,00|0,00|0,00|0|||0,00|0,00|0,00|01|14,60|0,6500|||0,09|01|14,60|3,0000|||0,44||
|C170|6|5366||2,00000|UN|27,72|2,08|0|060|5405||0,00|0,00|0,00|0,00|0,00|0,00|0|||0,00|0,00|0,00|01|27,72|0,6500|||0,18|01|27,72|3,0000|||0,83||
|C170|7|7166||1,00000|UN|5,35|0,40|0|060|5405||0,00|0,00|0,00|0,00|0,00|0,00|0|||0,00|0,00|0,00|01|5,35|0,6500|||0,03|01|5,35|3,0000|||0,16||
|C100|1|0||65|00|001|9795|31220741132335000140650010000097951748733047|14072022|14072022|50,00|0|0,00||50,00|9|0,00|0,00|0,00|50,00|9,00||||0,33|1,50|0,00|0,00|
|C110|000001||
|C110|000002||
|C110|000003||
|C110|000004||
|C110|000005||
|C175|5102|50,00|0,00|01|50,00|0,6500|||0,33|01|50,00|3,0000|||1,50|||
|C100|1|0|3424|55|00|1|1777|31220741132335000140550010000017771524169990|14072022|14072022|160,00|1|0,00||160,00|1|0,00|0,00|0,00|0,00|0,00|0,00|0,00|0,00|1,04|4,80|0,00|0,00|
|C110|000001||
|C110|000002||
|C110|000003||
|C110|000004||
|C110|000005||
|C170|1|2521||1,00000|UN|160,00|0,00|0|060|5405||0,00|0,00|0,00|0,00|0,00|0,00|0|||0,00|0,00|0,00|01|160,00|0,6500|||1,04|01|160,00|3,0000|||4,80||
|C100|1|0|3258|55|00|1|1778|31220741132335000140550010000017781176606800|14072022|14072022|110,01|1|0,00||110,01|1|0,00|0,00|0,00|0,00|0,00|0,00|0,00|0,00|0,72|3,30|0,00|0,00|
|C110|000006||
|C110|000001||
|C110|000002||
|C110|000003||
|C110|000004||
|C110|000005||
|C170|1|2178||30,00000|MT|48,99|0,00|0|060|5405||0,00|0,00|0,00|0,00|0,00|0,00|0|||0,00|0,00|0,00|01|48,99|0,6500|||0,32|01|48,99|3,0000|||1,47||
|C170|2|2112||30,00000|MT|61,02|0,00|0|060|5405||0,00|0,00|0,00|0,00|0,00|0,00|0|||0,00|0,00|0,00|01|61,02|0,6500|||0,40|01|61,02|3,0000|||1,83||
|C100|1|0||65|00|001|9796|31220741132335000140650010000097961769021310|14072022|14072022|29,42|1|0,00||29,42|9|0,00|0,00|0,00|20,92|3,77||||0,20|0,89|0,00|0,00|
|C110|000001||
|C110|000002||
|C110|000003||
|C110|000004||
|C110|000005||
|C175|5102|20,92|0,00|01|20,92|0,6500|||0,14|01|20,92|3,0000|||0,63|||
|C175|5405|8,50|0,00|01|8,50|0,6500|||0,06|01|8,50|3,0000|||0,26|||
|C100|1|0||65|00|001|9797|31220741132335000140650010000097971789309570|14072022|14072022|1271,86|1|0,00||1271,86|9|0,00|0,00|0,00|1095,48|197,19||||8,25|38,15|0,00|0,00|
|C110|000001||
|C110|000002||
|C110|000003||
|C110|000004||
|C110|000005||
|C175|5102|1095,48|0,00|01|1095,48|0,6500|||7,12|01|1095,48|3,0000|||32,86|||
|C175|5405|176,38|0,00|01|176,38|0,6500|||1,13|01|176,38|3,0000|||5,29|||
|C100|1|0||65|00|001|9798|31220741132335000140650010000097981809597832|14072022|14072022|16,77|1|0,00||16,77|9|0,00|0,00|0,00|0,00|0,00||||0,10|0,51|0,00|0,00|
|C110|000001||
|C110|000002||
|C110|000003||
|C110|000004||
|C110|000005||
|C175|5405|16,77|0,00|01|16,77|0,6500|||0,10|01|16,77|3,0000|||0,51|||
|C100|1|0||65|00|001|9799|31220741132335000140650010000097991829886098|14072022|14072022|39,31|1|0,00||39,31|9|0,00|0,00|0,00|0,00|0,00||||0,26|1,18|0,00|0,00|
|C110|000001||
|C110|000002||
|C110|000003||
|C110|000004||
|C110|000005||
|C175|5405|39,31|0,00|01|39,31|0,6500|||0,26|01|39,31|3,0000|||1,18|||
|C100|1|0||65|00|001|9800|31220741132335000140650010000098001850174355|14072022|14072022|327,44|1|0,00||327,44|9|0,00|0,00|0,00|0,00|0,00||||2,12|9,85|0,00|0,00|
|C110|000001||
|C110|000002||
|C110|000003||
|C110|000004||
|C110|000005||
|C175|5405|327,44|0,00|01|327,44|0,6500|||2,12|01|327,44|3,0000|||9,85|||
|C100|1|0|2989|55|00|1|1780|31220741132335000140550010000017801759640892|14072022|14072022|5009,39|0|0,00||5009,39|1|0,00|0,00|0,00|0,00|0,00|0,00|0,00|0,00|32,55|150,33|0,00|0,00|
|C110|000006||
|C110|000001||
|C110|000002||
|C110|000003||
|C110|000004||
|C110|000005||
|C170|1|2116||20,00000|MT|234,40|0,00|0|060|5405||0,00|0,00|0,00|0,00|0,00|0,00|0|||0,00|0,00|0,00|01|234,40|0,6500|||1,52|01|234,40|3,0000|||7,03||
|C170|2|3673||1,00000|UN|13,30|0,00|0|060|5405||0,00|0,00|0,00|0,00|0,00|0,00|0|||0,00|0,00|0,00|01|13,30|0,6500|||0,09|01|13,30|3,0000|||0,40||
|C170|3|3985||1,00000|UN|34,30|0,00|0|060|5405||0,00|0,00|0,00|0,00|0,00|0,00|0|||0,00|0,00|0,00|01|34,30|0,6500|||0,22|01|34,30|3,0000|||1,03||
|C170|4|3906||6,00000|UN|68,70|0,00|0|060|5405||0,00|0,00|0,00|0,00|0,00|0,00|0|||0,00|0,00|0,00|01|68,70|0,6500|||0,45|01|68,70|3,0000|||2,06||
|C170|5|2084||20,00000|MT|199,60|0,00|0|060|5405||0,00|0,00|0,00|0,00|0,00|0,00|0|||0,00|0,00|0,00|01|199,60|0,6500|||1,30|01|199,60|3,0000|||5,99||
|C170|6|3985||1,00000|UN|35,40|0,00|0|060|5405||0,00|0,00|0,00|0,00|0,00|0,00|0|||0,00|0,00|0,00|01|35,40|0,6500|||0,23|01|35,40|3,0000|||1,06||
|C170|7|3620||1,00000|UN|59,00|0,00|0|060|5405||0,00|0,00|0,00|0,00|0,00|0,00|0|||0,00|0,00|0,00|01|59,00|0,6500|||0,38|01|59,00|3,0000|||1,77||
|C170|8|3892||2,00000|UN|38,52|0,00|0|060|5405||0,00|0,00|0,00|0,00|0,00|0,00|0|||0,00|0,00|0,00|01|38,52|0,6500|||0,25|01|38,52|3,0000|||1,16||
|C170|9|1573||1,00000|UN|17,60|0,00|0|060|5405||0,00|0,00|0,00|0,00|0,00|0,00|0|||0,00|0,00|0,00|01|17,60|0,6500|||0,11|01|17,60|3,0000|||0,53||
|C170|10|3904||50,00000|UN|12,50|0,00|0|060|5405||0,00|0,00|0,00|0,00|0,00|0,00|0|||0,00|0,00|0,00|01|12,50|0,6500|||0,08|01|12,50|3,0000|||0,38||
|C170|11|3874||4,00000|UN|26,60|0,00|0|060|5405||0,00|0,00|0,00|0,00|0,00|0,00|0|||0,00|0,00|0,00|01|26,60|0,6500|||0,17|01|26,60|3,0000|||0,80||
|C170|12|3382||1,00000|UN|13,20|0,00|0|060|5405||0,00|0,00|0,00|0,00|0,00|0,00|0|||0,00|0,00|0,00|01|13,20|0,6500|||0,09|01|13,20|3,0000|||0,40||
|C170|13|3876||1,00000|UN|6,70|0,00|0|060|5405||0,00|0,00|0,00|0,00|0,00|0,00|0|||0,00|0,00|0,00|01|6,70|0,6500|||0,04|01|6,70|3,0000|||0,20||
|C170|14|3562||1,00000|UN|55,10|0,00|0|060|5405||0,00|0,00|0,00|0,00|0,00|0,00|0|||0,00|0,00|0,00|01|55,10|0,6500|||0,36|01|55,10|3,0000|||1,65||
|C170|15|836||60,00000|MT|2022,60|0,00|0|060|5405||0,00|0,00|0,00|0,00|0,00|0,00|0|||0,00|0,00|0,00|01|2022,60|0,6500|||13,15|01|2022,60|3,0000|||60,68||
|C170|16|2118||20,00000|MT|674,20|0,00|0|060|5405||0,00|0,00|0,00|0,00|0,00|0,00|0|||0,00|0,00|0,00|01|674,20|0,6500|||4,38|01|674,20|3,0000|||20,23||
|C170|17|3875||2,00000|UN|12,00|0,00|0|060|5405||0,00|0,00|0,00|0,00|0,00|0,00|0|||0,00|0,00|0,00|01|12,00|0,6500|||0,08|01|12,00|3,0000|||0,36||
|C170|18|598||1,00000|UN|0,95|0,00|0|060|5405||0,00|0,00|0,00|0,00|0,00|0,00|0|||0,00|0,00|0,00|01|0,95|0,6500|||0,01|01|0,95|3,0000|||0,03||
|C170|19|3874||1,00000|UN|5,35|0,00|0|060|5405||0,00|0,00|0,00|0,00|0,00|0,00|0|||0,00|0,00|0,00|01|5,35|0,6500|||0,03|01|5,35|3,0000|||0,16||
|C170|20|261||2,00000|UN|55,20|0,00|0|060|5405||0,00|0,00|0,00|0,00|0,00|0,00|0|||0,00|0,00|0,00|01|55,20|0,6500|||0,36|01|55,20|3,0000|||1,66||
|C170|21|2086||20,00000|MT|309,20|0,00|0|060|5405||0,00|0,00|0,00|0,00|0,00|0,00|0|||0,00|0,00|0,00|01|309,20|0,6500|||2,01|01|309,20|3,0000|||9,28||
|C170|22|3621||1,00000|UN|60,60|0,00|0|060|5405||0,00|0,00|0,00|0,00|0,00|0,00|0|||0,00|0,00|0,00|01|60,60|0,6500|||0,39|01|60,60|3,0000|||1,82||
|C170|23|3985||1,00000|UN|58,65|0,00|0|060|5405||0,00|0,00|0,00|0,00|0,00|0,00|0|||0,00|0,00|0,00|01|58,65|0,6500|||0,38|01|58,65|3,0000|||1,76||
|C170|24|3905||2,00000|UN|34,52|0,00|0|060|5405||0,00|0,00|0,00|0,00|0,00|0,00|0|||0,00|0,00|0,00|01|34,52|0,6500|||0,22|01|34,52|3,0000|||1,04||
|C170|25|2072||25,00000|MT|63,25|0,00|0|060|5405||0,00|0,00|0,00|0,00|0,00|0,00|0|||0,00|0,00|0,00|01|63,25|0,6500|||0,41|01|63,25|3,0000|||1,90||
|C170|26|4186||17,00000|UN|132,60|0,00|0|060|5405||0,00|0,00|0,00|0,00|0,00|0,00|0|||0,00|0,00|0,00|01|132,60|0,6500|||0,86|01|132,60|3,0000|||3,98||
|C170|27|3904||2,00000|UN|16,90|0,00|0|060|5405||0,00|0,00|0,00|0,00|0,00|0,00|0|||0,00|0,00|0,00|01|16,90|0,6500|||0,11|01|16,90|3,0000|||0,51||
|C170|28|3423||2,00000|UN|63,80|0,00|0|060|5405||0,00|0,00|0,00|0,00|0,00|0,00|0|||0,00|0,00|0,00|01|63,80|0,6500|||0,41|01|63,80|3,0000|||1,91||
|C170|29|3889||1,00000|UN|5,50|0,00|0|060|5405||0,00|0,00|0,00|0,00|0,00|0,00|0|||0,00|0,00|0,00|01|5,50|0,6500|||0,04|01|5,50|3,0000|||0,17||
|C170|30|2583||15,00000|MT|51,75|0,00|0|060|5405||0,00|0,00|0,00|0,00|0,00|0,00|0|||0,00|0,00|0,00|01|51,75|0,6500|||0,34|01|51,75|3,0000|||1,55||
|C170|31|866||1,00000|UN|83,85|0,00|0|060|5405||0,00|0,00|0,00|0,00|0,00|0,00|0|||0,00|0,00|0,00|01|83,85|0,6500|||0,55|01|83,85|3,0000|||2,52||
|C170|32|2137||50,00000|UN|32,50|0,00|0|060|5405||0,00|0,00|0,00|0,00|0,00|0,00|0|||0,00|0,00|0,00|01|32,50|0,6500|||0,21|01|32,50|3,0000|||0,98||
|C170|33|3876||2,00000|UN|13,40|0,00|0|060|5405||0,00|0,00|0,00|0,00|0,00|0,00|0|||0,00|0,00|0,00|01|13,40|0,6500|||0,09|01|13,40|3,0000|||0,40||
|C170|34|1959||1,00000|UN|1,70|0,00|0|060|5405||0,00|0,00|0,00|0,00|0,00|0,00|0|||0,00|0,00|0,00|01|1,70|0,6500|||0,01|01|1,70|3,0000|||0,05||
|C170|35|3874||5,00000|UN|26,75|0,00|0|060|5405||0,00|0,00|0,00|0,00|0,00|0,00|0|||0,00|0,00|0,00|01|26,75|0,6500|||0,17|01|26,75|3,0000|||0,80||
|C170|36|579||40,00000|MT|469,20|0,00|0|060|5405||0,00|0,00|0,00|0,00|0,00|0,00|0|||0,00|0,00|0,00|01|469,20|0,6500|||3,05|01|469,20|3,0000|||14,08||
|C100|1|0||65|00|001|9801|31220741132335000140650010000098011870462612|14072022|14072022|14,66|1|0,00||14,66|9|0,00|0,00|0,00|0,00|0,00||||0,08|0,46|0,00|0,00|
|C110|000001||
|C110|000002||
|C110|000003||
|C110|000004||
|C110|000005||
|C175|5405|14,66|0,00|01|14,66|0,6500|||0,08|01|14,66|3,0000|||0,46|||
|C100|1|0||65|00|001|9802|31220741132335000140650010000098021890750882|14072022|14072022|18,61|1|0,00||18,61|9|0,00|0,00|0,00|0,00|0,00||||0,13|0,57|0,00|0,00|
|C110|000001||
|C110|000002||
|C110|000003||
|C110|000004||
|C110|000005||
|C175|5405|18,61|0,00|01|18,61|0,6500|||0,13|01|18,61|3,0000|||0,57|||
|C100|1|0||65|00|001|9803|31220741132335000140650010000098031911039144|14072022|14072022|22,05|1|0,00||22,05|9|0,00|0,00|0,00|0,00|0,00||||0,15|0,67|0,00|0,00|
|C110|000001||
|C110|000002||
|C110|000003||
|C110|000004||
|C110|000005||
|C175|5405|22,05|0,00|01|22,05|0,6500|||0,15|01|22,05|3,0000|||0,67|||
|C100|1|0||65|00|001|9804|31220741132335000140650010000098041931327401|14072022|14072022|86,93|1|0,00||86,93|9|0,00|0,00|0,00|0,00|0,00||||0,56|2,62|0,00|0,00|
|C110|000001||
|C110|000002||
|C110|000003||
|C110|000004||
|C110|000005||
|C175|5405|86,93|0,00|01|86,93|0,6500|||0,56|01|86,93|3,0000|||2,62|||
|C100|1|0||65|00|001|9805|31220741132335000140650010000098051951615663|14072022|14072022|20,24|1|0,00||20,24|9|0,00|0,00|0,00|0,00|0,00||||0,13|0,61|0,00|0,00|
|C110|000001||
|C110|000002||
|C110|000003||
|C110|000004||
|C110|000005||
|C175|5405|20,24|0,00|01|20,24|0,6500|||0,13|01|20,24|3,0000|||0,61|||
|C100|1|0||65|00|001|9806|31220741132335000140650010000098061971903920|14072022|14072022|16,87|1|0,00||16,87|9|0,00|0,00|0,00|0,00|0,00||||0,11|0,51|0,00|0,00|
|C110|000001||
|C110|000002||
|C110|000003||
|C110|000004||
|C110|000005||
|C175|5405|16,87|0,00|01|16,87|0,6500|||0,11|01|16,87|3,0000|||0,51|||
|C100|1|0|883|55|00|1|1781|31220741132335000140550010000017811052849774|14072022|14072022|24,40|0|0,00||24,40|1|0,00|0,00|0,00|0,00|0,00|0,00|0,00|0,00|0,16|0,73|0,00|0,00|
|C110|000006||
|C110|000001||
|C110|000002||
|C110|000003||
|C110|000004||
|C110|000005||
|C170|1|3683||1,00000|UN|24,40|0,00|0|060|5405||0,00|0,00|0,00|0,00|0,00|0,00|0|||0,00|0,00|0,00|01|24,40|0,6500|||0,16|01|24,40|3,0000|||0,73||
|C100|1|0||65|00|001|9807|31220741132335000140650010000098071992192184|14072022|14072022|96,37|1|0,00||96,37|9|0,00|0,00|0,00|30,28|5,44||||0,63|2,91|0,00|0,00|
|C110|000001||
|C110|000002||
|C110|000003||
|C110|000004||
|C110|000005||
|C175|5102|30,28|0,00|01|30,28|0,6500|||0,20|01|30,28|3,0000|||0,92|||
|C175|5405|66,09|0,00|01|66,09|0,6500|||0,43|01|66,09|3,0000|||1,99|||
|C100|1|0||65|00|001|9808|31220741132335000140650010000098081012480464|15072022|15072022|16,09|1|0,00||16,09|9|0,00|0,00|0,00|0,00|0,00||||0,10|0,49|0,00|0,00|
|C110|000001||
|C110|000002||
|C110|000003||
|C110|000004||
|C110|000005||
|C175|5405|16,09|0,00|01|16,09|0,6500|||0,10|01|16,09|3,0000|||0,49|||
|C100|1|0||65|00|001|9809|31220741132335000140650010000098091032768720|15072022|15072022|66,82|1|0,00||66,82|9|0,00|0,00|0,00|0,00|0,00||||0,42|2,01|0,00|0,00|
|C110|000001||
|C110|000002||
|C110|000003||
|C110|000004||
|C110|000005||
|C175|5405|66,82|0,00|01|66,82|0,6500|||0,42|01|66,82|3,0000|||2,01|||
|C100|1|0||65|00|001|9810|31220741132335000140650010000098101053056983|15072022|15072022|18,25|1|0,00||18,25|9|0,00|0,00|0,00|0,00|0,00||||0,11|0,55|0,00|0,00|
|C110|000001||
|C110|000002||
|C110|000003||
|C110|000004||
|C110|000005||
|C175|5405|18,25|0,00|01|18,25|0,6500|||0,11|01|18,25|3,0000|||0,55|||
|C100|1|0||65|00|001|9811|31220741132335000140650010000098111073345244|15072022|15072022|24,41|1|0,00||24,41|9|0,00|0,00|0,00|0,00|0,00||||0,15|0,74|0,00|0,00|
|C110|000001||
|C110|000002||
|C110|000003||
|C110|000004||
|C110|000005||
|C175|5405|24,41|0,00|01|24,41|0,6500|||0,15|01|24,41|3,0000|||0,74|||
|C100|1|0||65|00|001|9812|31220741132335000140650010000098121093633501|15072022|15072022|18,04|1|0,00||18,04|9|0,00|0,00|0,00|0,00|0,00||||0,12|0,54|0,00|0,00|
|C110|000001||
|C110|000002||
|C110|000003||
|C110|000004||
|C110|000005||
|C175|5405|18,04|0,00|01|18,04|0,6500|||0,12|01|18,04|3,0000|||0,54|||
|C100|1|0||65|00|001|9813|31220741132335000140650010000098131113921768|15072022|15072022|10,36|1|0,00||10,36|9|0,00|0,00|0,00|0,00|0,00||||0,07|0,32|0,00|0,00|
|C110|000001||
|C110|000002||
|C110|000003||
|C110|000004||
|C110|000005||
|C175|5405|10,36|0,00|01|10,36|0,6500|||0,07|01|10,36|3,0000|||0,32|||
|C100|1|0||65|00|001|9814|31220741132335000140650010000098141134210035|15072022|15072022|10,51|1|0,00||10,51|9|0,00|0,00|0,00|0,00|0,00||||0,06|0,32|0,00|0,00|
|C110|000001||
|C110|000002||
|C110|000003||
|C110|000004||
|C110|000005||
|C175|5405|10,51|0,00|01|10,51|0,6500|||0,06|01|10,51|3,0000|||0,32|||
|C100|1|0||65|00|001|9815|31220741132335000140650010000098151154498295|15072022|15072022|117,49|1|0,00||117,49|9|0,00|0,00|0,00|0,00|0,00||||0,74|3,52|0,00|0,00|
|C110|000001||
|C110|000002||
|C110|000003||
|C110|000004||
|C110|000005||
|C175|5405|117,49|0,00|01|117,49|0,6500|||0,74|01|117,49|3,0000|||3,52|||
|C100|1|0||65|00|001|9816|31220741132335000140650010000098161174786552|15072022|15072022|41,89|1|0,00||41,89|9|0,00|0,00|0,00|0,00|0,00||||0,25|1,28|0,00|0,00|
|C110|000001||
|C110|000002||
|C110|000003||
|C110|000004||
|C110|000005||
|C175|5405|41,89|0,00|01|41,89|0,6500|||0,25|01|41,89|3,0000|||1,28|||
|C100|1|0||65|00|001|9817|31220741132335000140650010000098171195074818|15072022|15072022|25,05|1|0,00||25,05|9|0,00|0,00|0,00|0,00|0,00||||0,16|0,75|0,00|0,00|
|C110|000001||
|C110|000002||
|C110|000003||
|C110|000004||
|C110|000005||
|C175|5405|25,05|0,00|01|25,05|0,6500|||0,16|01|25,05|3,0000|||0,75|||
|C100|1|0||65|00|001|9818|31220741132335000140650010000098181215363078|15072022|15072022|79,12|1|0,00||79,12|9|0,00|0,00|0,00|0,00|0,00||||0,51|2,36|0,00|0,00|
|C110|000001||
|C110|000002||
|C110|000003||
|C110|000004||
|C110|000005||
|C175|5405|79,12|0,00|01|79,12|0,6500|||0,51|01|79,12|3,0000|||2,36|||
|C100|1|0||65|00|001|9819|31220741132335000140650010000098191235651335|15072022|15072022|20,86|1|0,00||20,86|9|0,00|0,00|0,00|0,00|0,00||||0,13|0,63|0,00|0,00|
|C110|000001||
|C110|000002||
|C110|000003||
|C110|000004||
|C110|000005||
|C175|5405|20,86|0,00|01|20,86|0,6500|||0,13|01|20,86|3,0000|||0,63|||
|C100|1|0||65|00|001|9820|31220741132335000140650010000098201255939602|15072022|15072022|31,54|1|0,00||31,54|9|0,00|0,00|0,00|22,04|3,97||||0,20|0,94|0,00|0,00|
|C110|000001||
|C110|000002||
|C110|000003||
|C110|000004||
|C110|000005||
|C175|5102|22,04|0,00|01|22,04|0,6500|||0,14|01|22,04|3,0000|||0,66|||
|C175|5405|9,50|0,00|01|9,50|0,6500|||0,06|01|9,50|3,0000|||0,28|||
|C100|1|0||65|00|001|9821|31220741132335000140650010000098211276227862|15072022|15072022|125,43|1|0,00||125,43|9|0,00|0,00|0,00|110,25|19,85||||0,80|3,76|0,00|0,00|
|C110|000001||
|C110|000002||
|C110|000003||
|C110|000004||
|C110|000005||
|C175|5102|110,25|0,00|01|110,25|0,6500|||0,71|01|110,25|3,0000|||3,30|||
|C175|5405|15,18|0,00|01|15,18|0,6500|||0,09|01|15,18|3,0000|||0,46|||
|C100|1|0||65|00|001|9822|31220741132335000140650010000098221296516123|15072022|15072022|10,36|1|0,00||10,36|9|0,00|0,00|0,00|0,00|0,00||||0,07|0,32|0,00|0,00|
|C110|000001||
|C110|000002||
|C110|000003||
|C110|000004||
|C110|000005||
|C175|5405|10,36|0,00|01|10,36|0,6500|||0,07|01|10,36|3,0000|||0,32|||
|C100|1|0||65|00|001|9823|31220741132335000140650010000098231316804380|15072022|15072022|3,79|1|0,00||3,79|9|0,00|0,00|0,00|0,00|0,00||||0,02|0,12|0,00|0,00|
|C110|000001||
|C110|000002||
|C110|000003||
|C110|000004||
|C110|000005||
|C175|5405|3,79|0,00|01|3,79|0,6500|||0,02|01|3,79|3,0000|||0,12|||
|C100|1|0||65|00|001|9824|31220741132335000140650010000098241337092645|16072022|16072022|286,70|1|0,00||286,70|9|0,00|0,00|0,00|0,00|0,00||||1,87|8,61|0,00|0,00|
|C110|000001||
|C110|000002||
|C110|000003||
|C110|000004||
|C110|000005||
|C175|5405|286,70|0,00|01|286,70|0,6500|||1,87|01|286,70|3,0000|||8,61|||
|C100|1|0|597|55|00|1|1784|31220741132335000140550010000017841311271678|16072022|16072022|1807,38|1|0,00||1807,38|1|0,00|0,00|0,00|135,10|24,32|0,00|0,00|0,00|11,73|54,26|0,00|0,00|
|C110|000006||
|C110|000001||
|C110|000002||
|C110|000003||
|C110|000004||
|C110|000005||
|C170|1|738||2,00000|UN|135,10|0,00|0|000|5102||135,10|18,00|24,32|0,00|0,00|0,00|0|||0,00|0,00|0,00|01|135,10|0,6500|||0,88|01|135,10|3,0000|||4,05||
|C170|2|3673||2,00000|UN|26,60|0,00|0|060|5405||0,00|0,00|0,00|0,00|0,00|0,00|0|||0,00|0,00|0,00|01|26,60|0,6500|||0,17|01|26,60|3,0000|||0,80||
|C170|3|3624||1,00000|UN|13,20|0,00|0|060|5405||0,00|0,00|0,00|0,00|0,00|0,00|0|||0,00|0,00|0,00|01|13,20|0,6500|||0,09|01|13,20|3,0000|||0,40||
|C170|4|1142||50,00000|MT|186,50|0,00|0|060|5405||0,00|0,00|0,00|0,00|0,00|0,00|0|||0,00|0,00|0,00|01|186,50|0,6500|||1,21|01|186,50|3,0000|||5,60||
|C170|5|1305||1,00000|UN|77,25|0,00|0|060|5405||0,00|0,00|0,00|0,00|0,00|0,00|0|||0,00|0,00|0,00|01|77,25|0,6500|||0,50|01|77,25|3,0000|||2,32||
|C170|6|3495||1,00000|RL|155,91|0,00|0|060|5405||0,00|0,00|0,00|0,00|0,00|0,00|0|||0,00|0,00|0,00|01|155,91|0,6500|||1,01|01|155,91|3,0000|||4,68||
|C170|7|3874||20,00000|UN|107,00|0,00|0|060|5405||0,00|0,00|0,00|0,00|0,00|0,00|0|||0,00|0,00|0,00|01|107,00|0,6500|||0,70|01|107,00|3,0000|||3,21||
|C170|8|3491||1,00000|RL|155,91|0,00|0|060|5405||0,00|0,00|0,00|0,00|0,00|0,00|0|||0,00|0,00|0,00|01|155,91|0,6500|||1,01|01|155,91|3,0000|||4,68||
|C170|9|3422||2,00000|UN|82,20|0,00|0|060|5405||0,00|0,00|0,00|0,00|0,00|0,00|0|||0,00|0,00|0,00|01|82,20|0,6500|||0,53|01|82,20|3,0000|||2,47||
|C170|10|4196||5,00000|UN|349,50|0,00|0|060|5405||0,00|0,00|0,00|0,00|0,00|0,00|0|||0,00|0,00|0,00|01|349,50|0,6500|||2,27|01|349,50|3,0000|||10,49||
|C170|11|3672||2,00000|UN|26,40|0,00|0|060|5405||0,00|0,00|0,00|0,00|0,00|0,00|0|||0,00|0,00|0,00|01|26,40|0,6500|||0,17|01|26,40|3,0000|||0,79||
|C170|12|4195||1,00000|UN|66,90|0,00|0|060|5405||0,00|0,00|0,00|0,00|0,00|0,00|0|||0,00|0,00|0,00|01|66,90|0,6500|||0,43|01|66,90|3,0000|||2,01||
|C170|13|261||2,00000|UN|55,20|0,00|0|060|5405||0,00|0,00|0,00|0,00|0,00|0,00|0|||0,00|0,00|0,00|01|55,20|0,6500|||0,36|01|55,20|3,0000|||1,66||
|C170|14|3594||16,00000|UN|75,20|0,00|0|060|5405||0,00|0,00|0,00|0,00|0,00|0,00|0|||0,00|0,00|0,00|01|75,20|0,6500|||0,49|01|75,20|3,0000|||2,26||
|C170|15|1925||2,00000|UN|83,60|0,00|0|060|5405||0,00|0,00|0,00|0,00|0,00|0,00|0|||0,00|0,00|0,00|01|83,60|0,6500|||0,54|01|83,60|3,0000|||2,51||
|C170|16|3493||1,00000|RL|155,91|0,00|0|060|5405||0,00|0,00|0,00|0,00|0,00|0,00|0|||0,00|0,00|0,00|01|155,91|0,6500|||1,01|01|155,91|3,0000|||4,68||
|C170|17|3889||10,00000|UN|55,00|0,00|0|060|5405||0,00|0,00|0,00|0,00|0,00|0,00|0|||0,00|0,00|0,00|01|55,00|0,6500|||0,36|01|55,00|3,0000|||1,65||
|C100|1|0||65|00|001|9825|31220741132335000140650010000098251357380902|16072022|16072022|46,57|1|0,00||46,57|9|0,00|0,00|0,00|0,00|0,00||||0,30|1,40|0,00|0,00|
|C110|000001||
|C110|000002||
|C110|000003||
|C110|000004||
|C110|000005||
|C175|5405|46,57|0,00|01|46,57|0,6500|||0,30|01|46,57|3,0000|||1,40|||
|C100|1|0||65|00|001|9826|31220741132335000140650010000098261377669166|16072022|16072022|50,49|1|0,00||50,49|9|0,00|0,00|0,00|0,00|0,00||||0,33|1,51|0,00|0,00|
|C110|000001||
|C110|000002||
|C110|000003||
|C110|000004||
|C110|000005||
|C175|5405|50,49|0,00|01|50,49|0,6500|||0,33|01|50,49|3,0000|||1,51|||
|C100|1|0||65|00|001|9827|31220741132335000140650010000098271397957431|16072022|16072022|132,98|1|0,00||132,98|9|0,00|0,00|0,00|33,56|6,04||||0,86|4,01|0,00|0,00|
|C110|000001||
|C110|000002||
|C110|000003||
|C110|000004||
|C110|000005||
|C175|5102|33,56|0,00|01|33,56|0,6500|||0,22|01|33,56|3,0000|||1,01|||
|C175|5405|99,42|0,00|01|99,42|0,6500|||0,64|01|99,42|3,0000|||3,00|||
|C100|1|0||65|00|001|9828|31220741132335000140650010000098281418245696|16072022|16072022|181,64|1|0,00||181,64|9|0,00|0,00|0,00|0,00|0,00||||1,17|5,44|0,00|0,00|
|C110|000001||
|C110|000002||
|C110|000003||
|C110|000004||
|C110|000005||
|C175|5405|181,64|0,00|01|181,64|0,6500|||1,17|01|181,64|3,0000|||5,44|||
|C100|1|0||65|00|001|9829|31220741132335000140650010000098291438533953|16072022|16072022|91,88|1|0,00||91,88|9|0,00|0,00|0,00|0,00|0,00||||0,58|2,75|0,00|0,00|
|C110|000001||
|C110|000002||
|C110|000003||
|C110|000004||
|C110|000005||
|C175|5405|91,88|0,00|01|91,88|0,6500|||0,58|01|91,88|3,0000|||2,75|||
|C100|1|0||65|00|001|9830|31220741132335000140650010000098301458822218|16072022|16072022|81,16|1|0,00||81,16|9|0,00|0,00|0,00|0,00|0,00||||0,53|2,44|0,00|0,00|
|C110|000001||
|C110|000002||
|C110|000003||
|C110|000004||
|C110|000005||
|C175|5405|81,16|0,00|01|81,16|0,6500|||0,53|01|81,16|3,0000|||2,44|||
|C100|1|0||65|00|001|9831|31220741132335000140650010000098311479110478|16072022|16072022|37,30|1|0,00||37,30|9|0,00|0,00|0,00|0,00|0,00||||0,23|1,13|0,00|0,00|
|C110|000001||
|C110|000002||
|C110|000003||
|C110|000004||
|C110|000005||
|C175|5405|37,30|0,00|01|37,30|0,6500|||0,23|01|37,30|3,0000|||1,13|||
|C100|1|0||65|00|001|9832|31220741132335000140650010000098321499398733|16072022|16072022|138,76|1|0,00||138,76|9|0,00|0,00|0,00|0,00|0,00||||0,90|4,16|0,00|0,00|
|C110|000001||
|C110|000002||
|C110|000003||
|C110|000004||
|C110|000005||
|C175|5405|138,76|0,00|01|138,76|0,6500|||0,90|01|138,76|3,0000|||4,16|||
|C100|1|0||65|00|001|9833|31220741132335000140650010000098331519687007|16072022|16072022|10,36|1|0,00||10,36|9|0,00|0,00|0,00|0,00|0,00||||0,07|0,31|0,00|0,00|
|C110|000001||
|C110|000002||
|C110|000003||
|C110|000004||
|C110|000005||
|C175|5405|10,36|0,00|01|10,36|0,6500|||0,07|01|10,36|3,0000|||0,31|||
|C100|1|0||65|00|001|9834|31220741132335000140650010000098341539975269|18072022|18072022|18,82|1|0,00||18,82|9|0,00|0,00|0,00|0,00|0,00||||0,12|0,56|0,00|0,00|
|C110|000001||
|C110|000002||
|C110|000003||
|C110|000004||
|C110|000005||
|C175|5405|18,82|0,00|01|18,82|0,6500|||0,12|01|18,82|3,0000|||0,56|||
|C100|1|0|3424|55|00|1|1785|31220741132335000140550010000017851686476091|18072022|18072022|476,40|1|0,00||476,40|1|0,00|0,00|0,00|476,40|85,75|0,00|0,00|0,00|3,10|14,29|0,00|0,00|
|C110|000001||
|C110|000002||
|C110|000003||
|C110|000004||
|C110|000005||
|C170|1|537||12,00000|UN|476,40|0,00|0|000|5102||476,40|18,00|85,75|0,00|0,00|0,00|0|||0,00|0,00|0,00|01|476,40|0,6500|||3,10|01|476,40|3,0000|||14,29||
|C100|1|0||65|00|001|9835|31220741132335000140650010000098351560263520|18072022|18072022|579,90|1|0,00||579,90|9|0,00|0,00|0,00|0,00|0,00||||3,77|17,40|0,00|0,00|
|C110|000001||
|C110|000002||
|C110|000003||
|C110|000004||
|C110|000005||
|C175|5405|579,90|0,00|01|579,90|0,6500|||3,77|01|579,90|3,0000|||17,40|||
|C100|1|0||65|00|001|9836|31220741132335000140650010000098361580551782|18072022|18072022|85,90|1|0,00||85,90|9|0,00|0,00|0,00|0,00|0,00||||0,56|2,58|0,00|0,00|
|C110|000001||
|C110|000002||
|C110|000003||
|C110|000004||
|C110|000005||
|C175|5405|85,90|0,00|01|85,90|0,6500|||0,56|01|85,90|3,0000|||2,58|||
|C100|1|0||65|00|001|9837|31220741132335000140650010000098371600840048|18072022|18072022|42,73|1|0,00||42,73|9|0,00|0,00|0,00|0,00|0,00||||0,27|1,28|0,00|0,00|
|C110|000001||
|C110|000002||
|C110|000003||
|C110|000004||
|C110|000005||
|C175|5405|42,73|0,00|01|42,73|0,6500|||0,27|01|42,73|3,0000|||1,28|||
|C100|1|0||65|00|001|9838|31220741132335000140650010000098381621128301|18072022|18072022|423,63|1|0,00||423,63|9|0,00|0,00|0,00|0,00|0,00||||2,75|12,73|0,00|0,00|
|C110|000001||
|C110|000002||
|C110|000003||
|C110|000004||
|C110|000005||
|C175|5405|423,63|0,00|01|423,63|0,6500|||2,75|01|423,63|3,0000|||12,73|||
|C100|1|0||65|00|001|9839|31220741132335000140650010000098391641416571|18072022|18072022|55,03|1|0,00||55,03|9|0,00|0,00|0,00|0,00|0,00||||0,36|1,65|0,00|0,00|
|C110|000001||
|C110|000002||
|C110|000003||
|C110|000004||
|C110|000005||
|C175|5405|55,03|0,00|01|55,03|0,6500|||0,36|01|55,03|3,0000|||1,65|||
|C100|1|0||65|00|001|9840|31220741132335000140650010000098401661704832|18072022|18072022|101,49|1|0,00||101,49|9|0,00|0,00|0,00|0,00|0,00||||0,66|3,06|0,00|0,00|
|C110|000001||
|C110|000002||
|C110|000003||
|C110|000004||
|C110|000005||
|C175|5405|101,49|0,00|01|101,49|0,6500|||0,66|01|101,49|3,0000|||3,06|||
|C100|1|0||65|00|001|9841|31220741132335000140650010000098411681993098|18072022|18072022|12,71|1|0,00||12,71|9|0,00|0,00|0,00|0,00|0,00||||0,08|0,38|0,00|0,00|
|C110|000001||
|C110|000002||
|C110|000003||
|C110|000004||
|C110|000005||
|C175|5405|12,71|0,00|01|12,71|0,6500|||0,08|01|12,71|3,0000|||0,38|||
|C100|1|0||65|00|001|9842|31220741132335000140650010000098421702281358|18072022|18072022|73,43|1|0,00||73,43|9|0,00|0,00|0,00|0,00|0,00||||0,47|2,21|0,00|0,00|
|C110|000001||
|C110|000002||
|C110|000003||
|C110|000004||
|C110|000005||
|C175|5405|73,43|0,00|01|73,43|0,6500|||0,47|01|73,43|3,0000|||2,21|||
|C100|1|0||65|00|001|9843|31220741132335000140650010000098431722569613|18072022|18072022|28,87|1|0,00||28,87|9|0,00|0,00|0,00|0,00|0,00||||0,19|0,88|0,00|0,00|
|C110|000001||
|C110|000002||
|C110|000003||
|C110|000004||
|C110|000005||
|C175|5405|28,87|0,00|01|28,87|0,6500|||0,19|01|28,87|3,0000|||0,88|||
|C100|1|0||65|00|001|9844|31220741132335000140650010000098441742857875|18072022|18072022|39,39|1|0,00||39,39|9|0,00|0,00|0,00|0,00|0,00||||0,26|1,18|0,00|0,00|
|C110|000001||
|C110|000002||
|C110|000003||
|C110|000004||
|C110|000005||
|C175|5405|39,39|0,00|01|39,39|0,6500|||0,26|01|39,39|3,0000|||1,18|||
|C100|1|0||65|00|001|9845|31220741132335000140650010000098451763146142|18072022|18072022|14,82|1|0,00||14,82|9|0,00|0,00|0,00|0,00|0,00||||0,09|0,45|0,00|0,00|
|C110|000001||
|C110|000002||
|C110|000003||
|C110|000004||
|C110|000005||
|C175|5405|14,82|0,00|01|14,82|0,6500|||0,09|01|14,82|3,0000|||0,45|||
|C100|1|0|3432|55|00|1|1786|31220741132335000140550010000017861869070440|18072022|18072022|5429,05|1|0,00||5429,05|1|0,00|0,00|0,00|1290,80|232,35|0,00|0,00|0,00|35,28|162,87|0,00|0,00|
|C110|000001||
|C110|000002||
|C110|000003||
|C110|000004||
|C110|000005||
|C170|1|1045||2,00000|UN|2224,10|0,00|0|060|5405||0,00|0,00|0,00|0,00|0,00|0,00|0|||0,00|0,00|0,00|01|2224,10|0,6500|||14,46|01|2224,10|3,0000|||66,72||
|C170|2|4216||2,00000|UN|231,20|0,00|0|000|5102||231,20|18,00|41,62|0,00|0,00|0,00|0|||0,00|0,00|0,00|01|231,20|0,6500|||1,50|01|231,20|3,0000|||6,94||
|C170|3|2921||1,00000|UN|940,70|0,00|0|000|5102||940,70|18,00|169,33|0,00|0,00|0,00|0|||0,00|0,00|0,00|01|940,70|0,6500|||6,11|01|940,70|3,0000|||28,22||
|C170|4|788||1,00000|UN|1914,15|0,00|0|060|5405||0,00|0,00|0,00|0,00|0,00|0,00|0|||0,00|0,00|0,00|01|1914,15|0,6500|||12,44|01|1914,15|3,0000|||57,42||
|C170|5|171||1,00000|UN|118,90|0,00|0|000|5102||118,90|18,00|21,40|0,00|0,00|0,00|0|||0,00|0,00|0,00|01|118,90|0,6500|||0,77|01|118,90|3,0000|||3,57||
|C100|1|0||65|00|001|9846|31220741132335000140650010000098461783434400|18072022|18072022|41,83|1|0,00||41,83|9|0,00|0,00|0,00|0,00|0,00||||0,27|1,25|0,00|0,00|
|C110|000001||
|C110|000002||
|C110|000003||
|C110|000004||
|C110|000005||
|C175|5405|41,83|0,00|01|41,83|0,6500|||0,27|01|41,83|3,0000|||1,25|||
|C100|1|0||65|00|001|9847|31220741132335000140650010000098471803722666|18072022|18072022|155,79|1|0,00||155,79|9|0,00|0,00|0,00|0,00|0,00||||0,99|4,68|0,00|0,00|
|C110|000001||
|C110|000002||
|C110|000003||
|C110|000004||
|C110|000005||
|C175|5405|155,79|0,00|01|155,79|0,6500|||0,99|01|155,79|3,0000|||4,68|||
|C100|1|0||65|00|001|9848|31220741132335000140650010000098481824010921|18072022|18072022|41,83|1|0,00||41,83|9|0,00|0,00|0,00|0,00|0,00||||0,27|1,25|0,00|0,00|
|C110|000001||
|C110|000002||
|C110|000003||
|C110|000004||
|C110|000005||
|C175|5405|41,83|0,00|01|41,83|0,6500|||0,27|01|41,83|3,0000|||1,25|||
|C100|1|0||65|00|001|9849|31220741132335000140650010000098491844299185|18072022|18072022|8,59|1|0,00||8,59|9|0,00|0,00|0,00|0,00|0,00||||0,05|0,27|0,00|0,00|
|C110|000001||
|C110|000002||
|C110|000003||
|C110|000004||
|C110|000005||
|C175|5405|8,59|0,00|01|8,59|0,6500|||0,05|01|8,59|3,0000|||0,27|||
|C100|1|0||65|00|001|9850|31220741132335000140650010000098501864587446|18072022|18072022|28,19|1|0,00||28,19|9|0,00|0,00|0,00|20,93|3,77||||0,18|0,86|0,00|0,00|
|C110|000001||
|C110|000002||
|C110|000003||
|C110|000004||
|C110|000005||
|C175|5102|20,93|0,00|01|20,93|0,6500|||0,14|01|20,93|3,0000|||0,63|||
|C175|5405|7,26|0,00|01|7,26|0,6500|||0,04|01|7,26|3,0000|||0,23|||
|C100|1|0||65|00|001|9851|31220741132335000140650010000098511884875711|18072022|18072022|116,84|1|0,00||116,84|9|0,00|0,00|0,00|12,36|2,22||||0,76|3,50|0,00|0,00|
|C110|000001||
|C110|000002||
|C110|000003||
|C110|000004||
|C110|000005||
|C175|5102|12,36|0,00|01|12,36|0,6500|||0,09|01|12,36|3,0000|||0,36|||
|C175|5405|104,48|0,00|01|104,48|0,6500|||0,67|01|104,48|3,0000|||3,14|||
|C100|1|0||65|00|001|9852|31220741132335000140650010000098521905163976|18072022|18072022|15,13|1|0,00||15,13|9|0,00|0,00|0,00|6,33|1,14||||0,09|0,46|0,00|0,00|
|C110|000001||
|C110|000002||
|C110|000003||
|C110|000004||
|C110|000005||
|C175|5102|6,33|0,00|01|6,33|0,6500|||0,04|01|6,33|3,0000|||0,19|||
|C175|5405|8,80|0,00|01|8,80|0,6500|||0,05|01|8,80|3,0000|||0,27|||
|C100|1|0||65|00|001|9853|31220741132335000140650010000098531925452237|18072022|18072022|416,50|1|0,00||416,50|9|0,00|0,00|0,00|416,50|74,97||||2,71|12,50|0,00|0,00|
|C110|000001||
|C110|000002||
|C110|000003||
|C110|000004||
|C110|000005||
|C175|5102|416,50|0,00|01|416,50|0,6500|||2,71|01|416,50|3,0000|||12,50|||
|C100|1|0||65|00|001|9854|31220741132335000140650010000098541945740499|18072022|18072022|15,18|1|0,00||15,18|9|0,00|0,00|0,00|0,00|0,00||||0,10|0,45|0,00|0,00|
|C110|000001||
|C110|000002||
|C110|000003||
|C110|000004||
|C110|000005||
|C175|5405|15,18|0,00|01|15,18|0,6500|||0,10|01|15,18|3,0000|||0,45|||
|C100|1|0||65|00|001|9855|31220741132335000140650010000098551966028752|18072022|18072022|226,05|1|0,00||226,05|9|0,00|0,00|0,00|0,00|0,00||||1,47|6,78|0,00|0,00|
|C110|000001||
|C110|000002||
|C110|000003||
|C110|000004||
|C110|000005||
|C175|5405|226,05|0,00|01|226,05|0,6500|||1,47|01|226,05|3,0000|||6,78|||
|C100|1|0||65|00|001|9856|31220741132335000140650010000098561986317013|18072022|18072022|66,00|1|0,00||66,00|9|0,00|0,00|0,00|0,00|0,00||||0,43|1,99|0,00|0,00|
|C110|000001||
|C110|000002||
|C110|000003||
|C110|000004||
|C110|000005||
|C175|5405|66,00|0,00|01|66,00|0,6500|||0,43|01|66,00|3,0000|||1,99|||
|C100|1|0||65|00|001|9857|31220741132335000140650010000098571006605298|18072022|18072022|79,20|1|0,00||79,20|9|0,00|0,00|0,00|0,00|0,00||||0,51|2,38|0,00|0,00|
|C110|000001||
|C110|000002||
|C110|000003||
|C110|000004||
|C110|000005||
|C175|5405|79,20|0,00|01|79,20|0,6500|||0,51|01|79,20|3,0000|||2,38|||
|C100|1|0||65|00|001|9858|31220741132335000140650010000098581026893555|18072022|18072022|41,85|1|0,00||41,85|9|0,00|0,00|0,00|0,00|0,00||||0,27|1,26|0,00|0,00|
|C110|000001||
|C110|000002||
|C110|000003||
|C110|000004||
|C110|000005||
|C175|5405|41,85|0,00|01|41,85|0,6500|||0,27|01|41,85|3,0000|||1,26|||
|C100|1|0||65|00|001|9859|31220741132335000140650010000098591047181810|19072022|19072022|453,00|0|0,00||453,00|9|0,00|0,00|0,00|0,00|0,00||||2,95|13,58|0,00|0,00|
|C110|000001||
|C110|000002||
|C110|000003||
|C110|000004||
|C110|000005||
|C175|5405|453,00|0,00|01|453,00|0,6500|||2,95|01|453,00|3,0000|||13,58|||
|C100|1|0|2011|55|00|1|1790|31220741132335000140550010000017901120603452|19072022|19072022|282,20|1|0,00||282,20|1|0,00|0,00|0,00|0,00|0,00|0,00|0,00|0,00|1,84|8,47|0,00|0,00|
|C110|000006||
|C110|000001||
|C110|000002||
|C110|000003||
|C110|000004||
|C110|000005||
|C170|1|6280||4,00000|UN|189,00|0,00|0|060|5405||0,00|0,00|0,00|0,00|0,00|0,00|0|||0,00|0,00|0,00|01|189,00|0,6500|||1,23|01|189,00|3,0000|||5,67||
|C170|2|3531||4,00000|UN|93,20|0,00|0|060|5405||0,00|0,00|0,00|0,00|0,00|0,00|0|||0,00|0,00|0,00|01|93,20|0,6500|||0,61|01|93,20|3,0000|||2,80||
|C100|1|0|2803|55|00|1|1791|31220741132335000140550010000017911209195075|19072022|19072022|2700,49|0|174,55||2700,49|1|0,00|0,00|0,00|0,00|0,00|0,00|0,00|0,00|17,56|81,01|0,00|0,00|
|C110|000001||
|C110|000002||
|C110|000003||
|C110|000004||
|C110|000005||
|C170|1|2071||4,00000|MT|86,08|5,56|0|060|5405||0,00|0,00|0,00|0,00|0,00|0,00|0|||0,00|0,00|0,00|01|86,08|0,6500|||0,56|01|86,08|3,0000|||2,58||
|C170|2|1932||100,00000|MT|610,54|39,46|0|060|5405||0,00|0,00|0,00|0,00|0,00|0,00|0|||0,00|0,00|0,00|01|610,54|0,6500|||3,97|01|610,54|3,0000|||18,32||
|C170|3|2648||2,00000|UN|835,44|54,00|0|060|5405||0,00|0,00|0,00|0,00|0,00|0,00|0|||0,00|0,00|0,00|01|835,44|0,6500|||5,43|01|835,44|3,0000|||25,06||
|C170|4|4466||4,00000|UN|262,62|16,98|0|060|5405||0,00|0,00|0,00|0,00|0,00|0,00|0|||0,00|0,00|0,00|01|262,62|0,6500|||1,71|01|262,62|3,0000|||7,88||
|C170|5|2071||4,00000|MT|107,83|6,97|0|060|5405||0,00|0,00|0,00|0,00|0,00|0,00|0|||0,00|0,00|0,00|01|107,83|0,6500|||0,70|01|107,83|3,0000|||3,23||
|C170|6|2646||2,00000|UN|772,06|49,90|0|060|5405||0,00|0,00|0,00|0,00|0,00|0,00|0|||0,00|0,00|0,00|01|772,06|0,6500|||5,02|01|772,06|3,0000|||23,16||
|C170|7|261||1,00000|UN|25,92|1,68|0|060|5405||0,00|0,00|0,00|0,00|0,00|0,00|0|||0,00|0,00|0,00|01|25,92|0,6500|||0,17|01|25,92|3,0000|||0,78||
|C100|1|0||65|00|001|9860|31220741132335000140650010000098601067470070|19072022|19072022|37,24|1|0,00||37,24|9|0,00|0,00|0,00|0,00|0,00||||0,24|1,11|0,00|0,00|
|C110|000001||
|C110|000002||
|C110|000003||
|C110|000004||
|C110|000005||
|C175|5405|37,24|0,00|01|37,24|0,6500|||0,24|01|37,24|3,0000|||1,11|||
|C100|1|0||65|00|001|9861|31220741132335000140650010000098611087758335|19072022|19072022|28,87|1|0,00||28,87|9|0,00|0,00|0,00|0,00|0,00||||0,18|0,88|0,00|0,00|
|C110|000001||
|C110|000002||
|C110|000003||
|C110|000004||
|C110|000005||
|C175|5405|28,87|0,00|01|28,87|0,6500|||0,18|01|28,87|3,0000|||0,88|||
|C100|1|0||65|00|001|9862|31220741132335000140650010000098621108046590|19072022|19072022|57,34|1|0,00||57,34|9|0,00|0,00|0,00|0,00|0,00||||0,38|1,72|0,00|0,00|
|C110|000001||
|C110|000002||
|C110|000003||
|C110|000004||
|C110|000005||
|C175|5405|57,34|0,00|01|57,34|0,6500|||0,38|01|57,34|3,0000|||1,72|||
|C100|1|0||65|00|001|9863|31220741132335000140650010000098631128334857|19072022|19072022|76,65|1|0,00||76,65|9|0,00|0,00|0,00|0,00|0,00||||0,49|2,30|0,00|0,00|
|C110|000001||
|C110|000002||
|C110|000003||
|C110|000004||
|C110|000005||
|C175|5405|76,65|0,00|01|76,65|0,6500|||0,49|01|76,65|3,0000|||2,30|||
|C100|1|0||65|00|001|9865|31220741132335000140650010000098651168911388|19072022|19072022|38,74|1|0,00||38,74|9|0,00|0,00|0,00|0,00|0,00||||0,25|1,16|0,00|0,00|
|C110|000001||
|C110|000002||
|C110|000003||
|C110|000004||
|C110|000005||
|C175|5405|38,74|0,00|01|38,74|0,6500|||0,25|01|38,74|3,0000|||1,16|||
|C100|1|0||65|00|001|9866|31220741132335000140650010000098661189199641|19072022|19072022|20,02|1|0,00||20,02|9|0,00|0,00|0,00|0,00|0,00||||0,14|0,60|0,00|0,00|
|C110|000001||
|C110|000002||
|C110|000003||
|C110|000004||
|C110|000005||
|C175|5405|20,02|0,00|01|20,02|0,6500|||0,14|01|20,02|3,0000|||0,60|||
|C100|1|0||65|00|001|9867|31220741132335000140650010000098671209487903|19072022|19072022|78,22|1|0,00||78,22|9|0,00|0,00|0,00|0,00|0,00||||0,51|2,34|0,00|0,00|
|C110|000001||
|C110|000002||
|C110|000003||
|C110|000004||
|C110|000005||
|C175|5405|78,22|0,00|01|78,22|0,6500|||0,51|01|78,22|3,0000|||2,34|||
|C100|1|0||65|00|001|9868|31220741132335000140650010000098681229776169|19072022|19072022|968,63|1|0,00||968,63|9|0,00|0,00|0,00|0,00|0,00||||6,28|29,09|0,00|0,00|
|C110|000001||
|C110|000002||
|C110|000003||
|C110|000004||
|C110|000005||
|C175|5405|968,63|0,00|01|968,63|0,6500|||6,28|01|968,63|3,0000|||29,09|||
|C100|1|0||65|00|001|9869|31220741132335000140650010000098691250064420|19072022|19072022|384,54|1|0,00||384,54|9|0,00|0,00|0,00|0,00|0,00||||2,50|11,54|0,00|0,00|
|C110|000001||
|C110|000002||
|C110|000003||
|C110|000004||
|C110|000005||
|C175|5405|384,54|0,00|01|384,54|0,6500|||2,50|01|384,54|3,0000|||11,54|||
|C100|1|0||65|00|001|9870|31220741132335000140650010000098701270352694|19072022|19072022|47,50|1|0,00||47,50|9|0,00|0,00|0,00|0,00|0,00||||0,30|1,42|0,00|0,00|
|C110|000001||
|C110|000002||
|C110|000003||
|C110|000004||
|C110|000005||
|C175|5405|47,50|0,00|01|47,50|0,6500|||0,30|01|47,50|3,0000|||1,42|||
|C100|1|0||65|00|001|9871|31220741132335000140650010000098711290640951|19072022|19072022|1068,79|0|0,00||1068,79|9|0,00|0,00|0,00|0,00|0,00||||6,93|32,06|0,00|0,00|
|C110|000001||
|C110|000002||
|C110|000003||
|C110|000004||
|C110|000005||
|C175|5405|1068,79|0,00|01|1068,79|0,6500|||6,93|01|1068,79|3,0000|||32,06|||
|C100|1|0||65|00|001|9873|31220741132335000140650010000098731331217475|19072022|19072022|257,80|1|0,00||257,80|9|0,00|0,00|0,00|0,00|0,00||||1,66|7,73|0,00|0,00|
|C110|000001||
|C110|000002||
|C110|000003||
|C110|000004||
|C110|000005||
|C175|5405|257,80|0,00|01|257,80|0,6500|||1,66|01|257,80|3,0000|||7,73|||
|C100|1|0||65|00|001|9874|31220741132335000140650010000098741351505732|19072022|19072022|31,90|1|0,00||31,90|9|0,00|0,00|0,00|0,00|0,00||||0,21|0,96|0,00|0,00|
|C110|000001||
|C110|000002||
|C110|000003||
|C110|000004||
|C110|000005||
|C175|5405|31,90|0,00|01|31,90|0,6500|||0,21|01|31,90|3,0000|||0,96|||
|C100|1|0||65|00|001|9875|31220741132335000140650010000098751371793994|19072022|19072022|49,09|1|0,00||49,09|9|0,00|0,00|0,00|0,00|0,00||||0,31|1,48|0,00|0,00|
|C110|000001||
|C110|000002||
|C110|000003||
|C110|000004||
|C110|000005||
|C175|5405|49,09|0,00|01|49,09|0,6500|||0,31|01|49,09|3,0000|||1,48|||
|C100|1|0||65|00|001|9876|31220741132335000140650010000098761392082261|19072022|19072022|66,50|1|0,00||66,50|9|0,00|0,00|0,00|0,00|0,00||||0,43|2,01|0,00|0,00|
|C110|000001||
|C110|000002||
|C110|000003||
|C110|000004||
|C110|000005||
|C175|5405|66,50|0,00|01|66,50|0,6500|||0,43|01|66,50|3,0000|||2,01|||
|C100|1|0||65|00|001|9877|31220741132335000140650010000098771412370523|20072022|20072022|17,84|1|0,00||17,84|9|0,00|0,00|0,00|0,00|0,00||||0,12|0,53|0,00|0,00|
|C110|000001||
|C110|000002||
|C110|000003||
|C110|000004||
|C110|000005||
|C175|5405|17,84|0,00|01|17,84|0,6500|||0,12|01|17,84|3,0000|||0,53|||
|C100|1|0|553|55|00|1|1793|31220741132335000140550010000017931601182502|20072022|20072022|453,00|0|49,74||453,00|1|0,00|0,00|0,00|167,46|30,14|0,00|0,00|0,00|2,94|13,58|0,00|0,00|
|C110|000006||
|C110|000001||
|C110|000002||
|C110|000003||
|C110|000004||
|C110|000005||
|C170|1|787||1,00000|UN|69,61|7,64|0|060|5405||0,00|0,00|0,00|0,00|0,00|0,00|0|||0,00|0,00|0,00|01|69,61|0,6500|||0,45|01|69,61|3,0000|||2,09||
|C170|2|1712||1,00000|UN|28,38|3,12|0|060|5405||0,00|0,00|0,00|0,00|0,00|0,00|0|||0,00|0,00|0,00|01|28,38|0,6500|||0,18|01|28,38|3,0000|||0,85||
|C170|3|235||12,00000|UN|9,73|1,07|0|060|5405||0,00|0,00|0,00|0,00|0,00|0,00|0|||0,00|0,00|0,00|01|9,73|0,6500|||0,06|01|9,73|3,0000|||0,29||
|C170|4|1658||1,00000|UN|167,46|18,39|0|000|5102||167,46|18,00|30,14|0,00|0,00|0,00|0|||0,00|0,00|0,00|01|167,46|0,6500|||1,09|01|167,46|3,0000|||5,02||
|C170|5|5855||1,00000|UN|157,60|17,30|0|060|5405||0,00|0,00|0,00|0,00|0,00|0,00|0|||0,00|0,00|0,00|01|157,60|0,6500|||1,02|01|157,60|3,0000|||4,73||
|C170|6|1630||6,00000|UN|0,81|0,09|0|060|5405||0,00|0,00|0,00|0,00|0,00|0,00|0|||0,00|0,00|0,00|01|0,81|0,6500|||0,01|01|0,81|3,0000|||0,02||
|C170|7|207||2,00000|UN|10,81|1,19|0|060|5405||0,00|0,00|0,00|0,00|0,00|0,00|0|||0,00|0,00|0,00|01|10,81|0,6500|||0,07|01|10,81|3,0000|||0,32||
|C170|8|151||6,00000|MT|8,60|0,94|0|060|5405||0,00|0,00|0,00|0,00|0,00|0,00|0|||0,00|0,00|0,00|01|8,60|0,6500|||0,06|01|8,60|3,0000|||0,26||
|C100|1|0||65|00|001|9878|31220741132335000140650010000098781432658783|20072022|20072022|1003,30|1|0,00||1003,30|9|0,00|0,00|0,00|0,00|0,00||||6,54|30,12|0,00|0,00|
|C110|000001||
|C110|000002||
|C110|000003||
|C110|000004||
|C110|000005||
|C175|5405|1003,30|0,00|01|1003,30|0,6500|||6,54|01|1003,30|3,0000|||30,12|||
|C100|1|0||65|00|001|9879|31220741132335000140650010000098791452947044|20072022|20072022|73,97|1|0,00||73,97|9|0,00|0,00|0,00|0,00|0,00||||0,47|2,22|0,00|0,00|
|C110|000001||
|C110|000002||
|C110|000003||
|C110|000004||
|C110|000005||
|C175|5405|73,97|0,00|01|73,97|0,6500|||0,47|01|73,97|3,0000|||2,22|||
|C100|1|0||65|00|001|9880|31220741132335000140650010000098801473235303|20072022|20072022|19,49|1|0,00||19,49|9|0,00|0,00|0,00|0,00|0,00||||0,12|0,60|0,00|0,00|
|C110|000001||
|C110|000002||
|C110|000003||
|C110|000004||
|C110|000005||
|C175|5405|19,49|0,00|01|19,49|0,6500|||0,12|01|19,49|3,0000|||0,60|||
|C100|1|0||65|00|001|9881|31220741132335000140650010000098811493523565|20072022|20072022|36,67|1|0,00||36,67|9|0,00|0,00|0,00|0,00|0,00||||0,23|1,12|0,00|0,00|
|C110|000001||
|C110|000002||
|C110|000003||
|C110|000004||
|C110|000005||
|C175|5405|36,67|0,00|01|36,67|0,6500|||0,23|01|36,67|3,0000|||1,12|||
|C100|1|0||65|00|001|9882|31220741132335000140650010000098821513811835|20072022|20072022|65,22|1|0,00||65,22|9|0,00|0,00|0,00|0,00|0,00||||0,42|1,97|0,00|0,00|
|C110|000001||
|C110|000002||
|C110|000003||
|C110|000004||
|C110|000005||
|C175|5405|65,22|0,00|01|65,22|0,6500|||0,42|01|65,22|3,0000|||1,97|||
|C100|1|0||65|00|001|9883|31220741132335000140650010000098831534100099|20072022|20072022|57,06|1|0,00||57,06|9|0,00|0,00|0,00|0,00|0,00||||0,38|1,72|0,00|0,00|
|C110|000001||
|C110|000002||
|C110|000003||
|C110|000004||
|C110|000005||
|C175|5405|57,06|0,00|01|57,06|0,6500|||0,38|01|57,06|3,0000|||1,72|||
|C100|1|0||65|00|001|9884|31220741132335000140650010000098841554388354|20072022|20072022|303,53|0|0,00||303,53|9|0,00|0,00|0,00|0,00|0,00||||1,96|9,12|0,00|0,00|
|C110|000001||
|C110|000002||
|C110|000003||
|C110|000004||
|C110|000005||
|C175|5405|303,53|0,00|01|303,53|0,6500|||1,96|01|303,53|3,0000|||9,12|||
|C100|1|0||65|00|001|9885|31220741132335000140650010000098851574676611|20072022|20072022|20,87|1|0,00||20,87|9|0,00|0,00|0,00|0,00|0,00||||0,13|0,64|0,00|0,00|
|C110|000001||
|C110|000002||
|C110|000003||
|C110|000004||
|C110|000005||
|C175|5405|20,87|0,00|01|20,87|0,6500|||0,13|01|20,87|3,0000|||0,64|||
|C100|1|0||65|00|001|9886|31220741132335000140650010000098861594964873|20072022|20072022|12,82|1|0,00||12,82|9|0,00|0,00|0,00|7,12|1,28||||0,08|0,38|0,00|0,00|
|C110|000001||
|C110|000002||
|C110|000003||
|C110|000004||
|C110|000005||
|C175|5102|7,12|0,00|01|7,12|0,6500|||0,05|01|7,12|3,0000|||0,21|||
|C175|5405|5,70|0,00|01|5,70|0,6500|||0,03|01|5,70|3,0000|||0,17|||
|C100|1|0|1122|55|00|1|1795|31220741132335000140550010000017951185780010|21072022|21072022|177,00|1|0,03||177,00|1|0,00|0,00|0,00|79,07|14,23|0,00|0,00|0,00|1,15|5,31|0,00|0,00|
|C110|000006||
|C110|000001||
|C110|000002||
|C110|000003||
|C110|000004||
|C110|000005||
|C170|1|7501||5,00000|MT|9,35|0,00|0|060|5405||0,00|0,00|0,00|0,00|0,00|0,00|0|||0,00|0,00|0,00|01|9,35|0,6500|||0,06|01|9,35|3,0000|||0,28||
|C170|2|549||2,00000|UN|27,24|0,00|0|060|5405||0,00|0,00|0,00|0,00|0,00|0,00|0|||0,00|0,00|0,00|01|27,24|0,6500|||0,18|01|27,24|3,0000|||0,82||
|C170|3|2071||2,00000|MT|4,48|0,00|0|060|5405||0,00|0,00|0,00|0,00|0,00|0,00|0|||0,00|0,00|0,00|01|4,48|0,6500|||0,03|01|4,48|3,0000|||0,13||
|C170|4|4369||1,00000|UN|56,86|0,02|0|060|5405||0,00|0,00|0,00|0,00|0,00|0,00|0|||0,00|0,00|0,00|01|56,86|0,6500|||0,37|01|56,86|3,0000|||1,71||
|C170|5|3061||1,00000|UN|79,07|0,01|0|000|5102||79,07|18,00|14,23|0,00|0,00|0,00|0|||0,00|0,00|0,00|01|79,07|0,6500|||0,51|01|79,07|3,0000|||2,37||
|C100|1|0|3433|55|00|1|1796|31220741132335000140550010000017961092241338|21072022|21072022|3900,00|1|0,00||3900,00|1|0,00|0,00|0,00|18,80|3,38|0,00|0,00|0,00|25,35|117,00|0,00|0,00|
|C110|000001||
|C110|000002||
|C110|000003||
|C110|000004||
|C110|000005||
|C170|1|154||11,00000|MT|48,84|0,00|0|060|5405||0,00|0,00|0,00|0,00|0,00|0,00|0|||0,00|0,00|0,00|01|48,84|0,6500|||0,32|01|48,84|3,0000|||1,47||
|C170|2|3608||8,00000|UN|68,08|0,00|0|060|5405||0,00|0,00|0,00|0,00|0,00|0,00|0|||0,00|0,00|0,00|01|68,08|0,6500|||0,44|01|68,08|3,0000|||2,04||
|C170|3|3794||4,00000|UN|30,04|0,00|0|060|5405||0,00|0,00|0,00|0,00|0,00|0,00|0|||0,00|0,00|0,00|01|30,04|0,6500|||0,20|01|30,04|3,0000|||0,90||
|C170|4|2079||22,00000|MT|97,68|0,00|0|060|5405||0,00|0,00|0,00|0,00|0,00|0,00|0|||0,00|0,00|0,00|01|97,68|0,6500|||0,63|01|97,68|3,0000|||2,93||
|C170|5|3500||3,00000|RL|552,16|0,00|0|060|5405||0,00|0,00|0,00|0,00|0,00|0,00|0|||0,00|0,00|0,00|01|552,16|0,6500|||3,59|01|552,16|3,0000|||16,56||
|C170|6|7625||1,00000|UN|17,55|0,00|0|060|5405||0,00|0,00|0,00|0,00|0,00|0,00|0|||0,00|0,00|0,00|01|17,55|0,6500|||0,11|01|17,55|3,0000|||0,53||
|C170|7|3497||3,00000|RL|552,16|0,00|0|060|5405||0,00|0,00|0,00|0,00|0,00|0,00|0|||0,00|0,00|0,00|01|552,16|0,6500|||3,59|01|552,16|3,0000|||16,56||
|C170|8|3786||2,00000|UN|15,02|0,00|0|060|5405||0,00|0,00|0,00|0,00|0,00|0,00|0|||0,00|0,00|0,00|01|15,02|0,6500|||0,10|01|15,02|3,0000|||0,45||
|C170|9|157||44,00000|MT|505,57|0,00|0|060|5405||0,00|0,00|0,00|0,00|0,00|0,00|0|||0,00|0,00|0,00|01|505,57|0,6500|||3,29|01|505,57|3,0000|||15,17||
|C170|10|7624||1,00000|UN|17,55|0,00|0|060|5405||0,00|0,00|0,00|0,00|0,00|0,00|0|||0,00|0,00|0,00|01|17,55|0,6500|||0,11|01|17,55|3,0000|||0,53||
|C170|11|3491||1,00000|RL|115,91|0,00|0|060|5405||0,00|0,00|0,00|0,00|0,00|0,00|0|||0,00|0,00|0,00|01|115,91|0,6500|||0,75|01|115,91|3,0000|||3,48||
|C170|12|3807||1,00000|UN|29,22|0,00|0|060|5405||0,00|0,00|0,00|0,00|0,00|0,00|0|||0,00|0,00|0,00|01|29,22|0,6500|||0,19|01|29,22|3,0000|||0,88||
|C170|13|231||18,00000|UN|16,02|0,00|0|060|5405||0,00|0,00|0,00|0,00|0,00|0,00|0|||0,00|0,00|0,00|01|16,02|0,6500|||0,10|01|16,02|3,0000|||0,48||
|C170|14|2078||11,00000|MT|48,84|0,00|0|060|5405||0,00|0,00|0,00|0,00|0,00|0,00|0|||0,00|0,00|0,00|01|48,84|0,6500|||0,32|01|48,84|3,0000|||1,47||
|C170|15|213||28,00000|UN|24,08|0,00|0|060|5405||0,00|0,00|0,00|0,00|0,00|0,00|0|||0,00|0,00|0,00|01|24,08|0,6500|||0,16|01|24,08|3,0000|||0,72||
|C170|16|3422||2,00000|UN|61,12|0,00|0|060|5405||0,00|0,00|0,00|0,00|0,00|0,00|0|||0,00|0,00|0,00|01|61,12|0,6500|||0,40|01|61,12|3,0000|||1,83||
|C170|17|154||28,00000|MT|124,32|0,00|0|060|5405||0,00|0,00|0,00|0,00|0,00|0,00|0|||0,00|0,00|0,00|01|124,32|0,6500|||0,81|01|124,32|3,0000|||3,73||
|C170|18|209||3,00000|UN|133,59|0,00|0|060|5405||0,00|0,00|0,00|0,00|0,00|0,00|0|||0,00|0,00|0,00|01|133,59|0,6500|||0,87|01|133,59|3,0000|||4,01||
|C170|19|1009||3,00000|UN|12,48|0,00|0|060|5405||0,00|0,00|0,00|0,00|0,00|0,00|0|||0,00|0,00|0,00|01|12,48|0,6500|||0,08|01|12,48|3,0000|||0,37||
|C170|20|3789||1,00000|UN|7,51|0,00|0|060|5405||0,00|0,00|0,00|0,00|0,00|0,00|0|||0,00|0,00|0,00|01|7,51|0,6500|||0,05|01|7,51|3,0000|||0,23||
|C170|21|2085||22,00000|MT|252,78|0,00|0|060|5405||0,00|0,00|0,00|0,00|0,00|0,00|0|||0,00|0,00|0,00|01|252,78|0,6500|||1,64|01|252,78|3,0000|||7,58||
|C170|22|3499||3,00000|RL|552,16|0,00|0|060|5405||0,00|0,00|0,00|0,00|0,00|0,00|0|||0,00|0,00|0,00|01|552,16|0,6500|||3,59|01|552,16|3,0000|||16,56||
|C170|23|6327||1,00000|UN|19,40|0,00|0|060|5405||0,00|0,00|0,00|0,00|0,00|0,00|0|||0,00|0,00|0,00|01|19,40|0,6500|||0,13|01|19,40|3,0000|||0,58||
|C170|24|3493||1,00000|RL|115,91|0,00|0|060|5405||0,00|0,00|0,00|0,00|0,00|0,00|0|||0,00|0,00|0,00|01|115,91|0,6500|||0,75|01|115,91|3,0000|||3,48||
|C170|25|877||1,00000|UN|138,36|0,00|0|060|5405||0,00|0,00|0,00|0,00|0,00|0,00|0|||0,00|0,00|0,00|01|138,36|0,6500|||0,90|01|138,36|3,0000|||4,15||
|C170|26|214||6,00000|UN|7,14|0,00|0|060|5405||0,00|0,00|0,00|0,00|0,00|0,00|0|||0,00|0,00|0,00|01|7,14|0,6500|||0,05|01|7,14|3,0000|||0,21||
|C170|27|3490||2,00000|RL|231,84|0,00|0|060|5405||0,00|0,00|0,00|0,00|0,00|0,00|0|||0,00|0,00|0,00|01|231,84|0,6500|||1,51|01|231,84|3,0000|||6,96||
|C170|28|3798||2,00000|UN|51,21|0,00|0|060|5405||0,00|0,00|0,00|0,00|0,00|0,00|0|||0,00|0,00|0,00|01|51,21|0,6500|||0,33|01|51,21|3,0000|||1,54||
|C170|29|522||1,00000|UN|5,13|0,00|0|060|5405||0,00|0,00|0,00|0,00|0,00|0,00|0|||0,00|0,00|0,00|01|5,13|0,6500|||0,03|01|5,13|3,0000|||0,15||
|C170|30|2386||1,00000|UN|48,33|0,00|0|020|5102||18,80|18,00|3,38|0,00|0,00|0,00|0|||0,00|0,00|0,00|01|48,33|0,6500|||0,31|01|48,33|3,0000|||1,45||
|C100|1|0||65|00|001|9887|31220741132335000140650010000098871615253137|21072022|21072022|41,07|1|0,00||41,07|9|0,00|0,00|0,00|0,00|0,00||||0,26|1,23|0,00|0,00|
|C110|000001||
|C110|000002||
|C110|000003||
|C110|000004||
|C110|000005||
|C175|5405|41,07|0,00|01|41,07|0,6500|||0,26|01|41,07|3,0000|||1,23|||
|C100|1|0||65|00|001|9888|31220741132335000140650010000098881635541402|21072022|21072022|50,91|1|0,00||50,91|9|0,00|0,00|0,00|36,75|6,62||||0,33|1,53|0,00|0,00|
|C110|000001||
|C110|000002||
|C110|000003||
|C110|000004||
|C110|000005||
|C175|5102|36,75|0,00|01|36,75|0,6500|||0,24|01|36,75|3,0000|||1,10|||
|C175|5405|14,16|0,00|01|14,16|0,6500|||0,09|01|14,16|3,0000|||0,43|||
|C100|1|0||65|00|001|9889|31220741132335000140650010000098891655829662|21072022|21072022|49,14|1|0,00||49,14|9|0,00|0,00|0,00|36,75|6,62||||0,32|1,47|0,00|0,00|
|C110|000001||
|C110|000002||
|C110|000003||
|C110|000004||
|C110|000005||
|C175|5102|36,75|0,00|01|36,75|0,6500|||0,24|01|36,75|3,0000|||1,10|||
|C175|5405|12,39|0,00|01|12,39|0,6500|||0,08|01|12,39|3,0000|||0,37|||
|C100|1|0||65|00|001|9890|31220741132335000140650010000098901676117921|21072022|21072022|39,16|1|0,00||39,16|9|0,00|0,00|0,00|0,00|0,00||||0,25|1,18|0,00|0,00|
|C110|000001||
|C110|000002||
|C110|000003||
|C110|000004||
|C110|000005||
|C175|5405|39,16|0,00|01|39,16|0,6500|||0,25|01|39,16|3,0000|||1,18|||
|C100|1|0||65|00|001|9891|31220741132335000140650010000098911696406187|21072022|21072022|62,34|1|0,00||62,34|9|0,00|0,00|0,00|0,00|0,00||||0,40|1,87|0,00|0,00|
|C110|000001||
|C110|000002||
|C110|000003||
|C110|000004||
|C110|000005||
|C175|5405|62,34|0,00|01|62,34|0,6500|||0,40|01|62,34|3,0000|||1,87|||
|C100|1|0||65|00|001|9892|31220741132335000140650010000098921716694449|21072022|21072022|48,31|1|0,00||48,31|9|0,00|0,00|0,00|0,00|0,00||||0,30|1,45|0,00|0,00|
|C110|000001||
|C110|000002||
|C110|000003||
|C110|000004||
|C110|000005||
|C175|5405|48,31|0,00|01|48,31|0,6500|||0,30|01|48,31|3,0000|||1,45|||
|C100|1|0||65|00|001|9893|31220741132335000140650010000098931736982706|21072022|21072022|7,58|1|0,00||7,58|9|0,00|0,00|0,00|0,00|0,00||||0,05|0,23|0,00|0,00|
|C110|000001||
|C110|000002||
|C110|000003||
|C110|000004||
|C110|000005||
|C175|5405|7,58|0,00|01|7,58|0,6500|||0,05|01|7,58|3,0000|||0,23|||
|C100|1|0||65|00|001|9894|31220741132335000140650010000098941757270966|21072022|21072022|37,99|1|0,00||37,99|9|0,00|0,00|0,00|27,37|4,93||||0,25|1,14|0,00|0,00|
|C110|000001||
|C110|000002||
|C110|000003||
|C110|000004||
|C110|000005||
|C175|5102|27,37|0,00|01|27,37|0,6500|||0,18|01|27,37|3,0000|||0,82|||
|C175|5405|10,62|0,00|01|10,62|0,6500|||0,07|01|10,62|3,0000|||0,32|||
|C100|1|0||65|00|001|9895|31220741132335000140650010000098951777559233|21072022|21072022|17,44|1|0,00||17,44|9|0,00|0,00|0,00|0,00|0,00||||0,12|0,52|0,00|0,00|
|C110|000001||
|C110|000002||
|C110|000003||
|C110|000004||
|C110|000005||
|C175|5405|17,44|0,00|01|17,44|0,6500|||0,12|01|17,44|3,0000|||0,52|||
|C100|1|0||65|00|001|9896|31220741132335000140650010000098961797847495|21072022|21072022|155,16|0|0,00||155,16|9|0,00|0,00|0,00|145,72|26,24||||1,03|4,64|0,00|0,00|
|C110|000001||
|C110|000002||
|C110|000003||
|C110|000004||
|C110|000005||
|C175|5102|145,72|0,00|01|145,72|0,6500|||0,96|01|145,72|3,0000|||4,36|||
|C175|5405|9,44|0,00|01|9,44|0,6500|||0,07|01|9,44|3,0000|||0,28|||
|C100|1|0||65|00|001|9897|31220741132335000140650010000098971818135755|21072022|21072022|2483,49|0|0,00||2483,49|9|0,00|0,00|0,00|146,91|26,43||||16,15|74,51|0,00|0,00|
|C110|000001||
|C110|000002||
|C110|000003||
|C110|000004||
|C110|000005||
|C175|5102|146,91|0,00|01|146,91|0,6500|||0,96|01|146,91|3,0000|||4,41|||
|C175|5405|2336,58|0,00|01|2336,58|0,6500|||15,19|01|2336,58|3,0000|||70,10|||
|C100|1|0||65|00|001|9898|31220741132335000140650010000098981838424016|21072022|21072022|62,92|1|0,00||62,92|9|0,00|0,00|0,00|46,26|8,33||||0,40|1,89|0,00|0,00|
|C110|000001||
|C110|000002||
|C110|000003||
|C110|000004||
|C110|000005||
|C175|5102|46,26|0,00|01|46,26|0,6500|||0,30|01|46,26|3,0000|||1,39|||
|C175|5405|16,66|0,00|01|16,66|0,6500|||0,10|01|16,66|3,0000|||0,50|||
|C100|1|0||65|00|001|9899|31220741132335000140650010000098991858712278|21072022|21072022|55,00|0|0,00||55,00|9|0,00|0,00|0,00|0,00|0,00||||0,37|1,66|0,00|0,00|
|C110|000001||
|C110|000002||
|C110|000003||
|C110|000004||
|C110|000005||
|C175|5405|55,00|0,00|01|55,00|0,6500|||0,37|01|55,00|3,0000|||1,66|||
|C100|1|0||65|00|001|9900|31220741132335000140650010000099001879000539|21072022|21072022|20,20|0|0,00||20,20|9|0,00|0,00|0,00|0,00|0,00||||0,12|0,61|0,00|0,00|
|C110|000001||
|C110|000002||
|C110|000003||
|C110|000004||
|C110|000005||
|C175|5405|20,20|0,00|01|20,20|0,6500|||0,12|01|20,20|3,0000|||0,61|||
|C100|1|0||65|00|001|9901|31220741132335000140650010000099011899288802|21072022|21072022|1075,37|0|0,00||1075,37|9|0,00|0,00|0,00|0,00|0,00||||7,00|32,26|0,00|0,00|
|C110|000001||
|C110|000002||
|C110|000003||
|C110|000004||
|C110|000005||
|C175|5405|1075,37|0,00|01|1075,37|0,6500|||7,00|01|1075,37|3,0000|||32,26|||
|C100|1|0|3440|55|00|1|1797|31220741132335000140550010000017971254547426|22072022|22072022|54,35|1|0,00||54,35|1|0,00|0,00|0,00|0,00|0,00|0,00|0,00|0,00|0,36|1,63|0,00|0,00|
|C110|000001||
|C110|000002||
|C110|000003||
|C110|000004||
|C110|000005||
|C170|1|4079||1,00000|UN|45,65|0,00|0|060|5405||0,00|0,00|0,00|0,00|0,00|0,00|0|||0,00|0,00|0,00|01|45,65|0,6500|||0,30|01|45,65|3,0000|||1,37||
|C170|2|494||1,00000|UN|8,70|0,00|0|060|5405||0,00|0,00|0,00|0,00|0,00|0,00|0|||0,00|0,00|0,00|01|8,70|0,6500|||0,06|01|8,70|3,0000|||0,26||
|C100|1|0||65|00|001|9902|31220741132335000140650010000099021919577062|22072022|22072022|210,15|1|0,00||210,15|9|0,00|0,00|0,00|29,94|5,39||||1,35|6,31|0,00|0,00|
|C110|000001||
|C110|000002||
|C110|000003||
|C110|000004||
|C110|000005||
|C175|5102|29,94|0,00|01|29,94|0,6500|||0,19|01|29,94|3,0000|||0,90|||
|C175|5405|180,21|0,00|01|180,21|0,6500|||1,16|01|180,21|3,0000|||5,41|||
|C100|1|0||65|00|001|9903|31220741132335000140650010000099031939865320|22072022|22072022|111,50|0|0,00||111,50|9|0,00|0,00|0,00|111,50|20,08||||0,72|3,36|0,00|0,00|
|C110|000001||
|C110|000002||
|C110|000003||
|C110|000004||
|C110|000005||
|C175|5102|111,50|0,00|01|111,50|0,6500|||0,72|01|111,50|3,0000|||3,36|||
|C100|1|0|726|55|00|1|1799|31220741132335000140550010000017991232781374|22072022|22072022|444,57|0|33,36||444,57|1|0,00|0,00|0,00|0,00|0,00|0,00|0,00|0,00|2,90|13,33|0,00|0,00|
|C110|000001||
|C110|000002||
|C110|000003||
|C110|000004||
|C110|000005||
|C170|1|3752||1,00000|UN|52,46|3,94|0|060|5405||0,00|0,00|0,00|0,00|0,00|0,00|0|||0,00|0,00|0,00|01|52,46|0,6500|||0,34|01|52,46|3,0000|||1,57||
|C170|2|3717||1,00000|UN|30,48|2,29|0|060|5405||0,00|0,00|0,00|0,00|0,00|0,00|0|||0,00|0,00|0,00|01|30,48|0,6500|||0,20|01|30,48|3,0000|||0,91||
|C170|3|4979||6,00000|UN|1,84|0,14|0|060|5405||0,00|0,00|0,00|0,00|0,00|0,00|0|||0,00|0,00|0,00|01|1,84|0,6500|||0,01|01|1,84|3,0000|||0,06||
|C170|4|6132||6,00000|UN|1,06|0,08|0|060|5405||0,00|0,00|0,00|0,00|0,00|0,00|0|||0,00|0,00|0,00|01|1,06|0,6500|||0,01|01|1,06|3,0000|||0,03||
|C170|5|1946||1,00000|UN|46,97|3,52|0|060|5405||0,00|0,00|0,00|0,00|0,00|0,00|0|||0,00|0,00|0,00|01|46,97|0,6500|||0,31|01|46,97|3,0000|||1,41||
|C170|6|3986||1,00000|UN|32,70|2,45|0|060|5405||0,00|0,00|0,00|0,00|0,00|0,00|0|||0,00|0,00|0,00|01|32,70|0,6500|||0,21|01|32,70|3,0000|||0,98||
|C170|7|4335||6,00000|UN|167,27|12,55|0|060|5405||0,00|0,00|0,00|0,00|0,00|0,00|0|||0,00|0,00|0,00|01|167,27|0,6500|||1,09|01|167,27|3,0000|||5,02||
|C170|8|2071||2,00000|MT|18,03|1,35|0|060|5405||0,00|0,00|0,00|0,00|0,00|0,00|0|||0,00|0,00|0,00|01|18,03|0,6500|||0,12|01|18,03|3,0000|||0,54||
|C170|9|2113||30,00000|MT|93,76|7,04|0|060|5405||0,00|0,00|0,00|0,00|0,00|0,00|0|||0,00|0,00|0,00|01|93,76|0,6500|||0,61|01|93,76|3,0000|||2,81||
|C100|1|0||65|00|001|9904|31220741132335000140650010000099041960153586|22072022|22072022|26,55|1|0,00||26,55|9|0,00|0,00|0,00|0,00|0,00||||0,18|0,80|0,00|0,00|
|C110|000001||
|C110|000002||
|C110|000003||
|C110|000004||
|C110|000005||
|C175|5405|26,55|0,00|01|26,55|0,6500|||0,18|01|26,55|3,0000|||0,80|||
|C100|1|0|544|55|00|1|1800|31220741132335000140550010000018001560605982|22072022|22072022|3535,44|1|0,00||3535,44|1|0,00|0,00|0,00|367,14|66,08|0,00|0,00|0,00|23,00|106,05|0,00|0,00|
|C110|000006||
|C110|000001||
|C110|000002||
|C110|000003||
|C110|000004||
|C110|000005||
|C170|1|209||6,00000|UN|359,40|0,00|0|060|5405||0,00|0,00|0,00|0,00|0,00|0,00|0|||0,00|0,00|0,00|01|359,40|0,6500|||2,34|01|359,40|3,0000|||10,78||
|C170|2|715||1,00000|UN|9,00|0,00|0|000|5102||9,00|18,00|1,62|0,00|0,00|0,00|0|||0,00|0,00|0,00|01|9,00|0,6500|||0,06|01|9,00|3,0000|||0,27||
|C170|3|2386||12,00000|UN|780,00|0,00|0|020|5102||303,34|18,00|54,60|0,00|0,00|0,00|0|||0,00|0,00|0,00|01|780,00|0,6500|||5,07|01|780,00|3,0000|||23,40||
|C170|4|1966||2,00000|UN|59,20|0,00|0|060|5405||0,00|0,00|0,00|0,00|0,00|0,00|0|||0,00|0,00|0,00|01|59,20|0,6500|||0,38|01|59,20|3,0000|||1,78||
|C170|5|146||15,00000|MT|53,10|0,00|0|060|5405||0,00|0,00|0,00|0,00|0,00|0,00|0|||0,00|0,00|0,00|01|53,10|0,6500|||0,35|01|53,10|3,0000|||1,59||
|C170|6|2289||4,00000|UN|35,40|0,00|0|060|5405||0,00|0,00|0,00|0,00|0,00|0,00|0|||0,00|0,00|0,00|01|35,40|0,6500|||0,23|01|35,40|3,0000|||1,06||
|C170|7|5442||6,00000|UN|101,70|0,00|0|060|5405||0,00|0,00|0,00|0,00|0,00|0,00|0|||0,00|0,00|0,00|01|101,70|0,6500|||0,66|01|101,70|3,0000|||3,05||
|C170|8|1608||30,00000|UN|13,50|0,00|0|060|5405||0,00|0,00|0,00|0,00|0,00|0,00|0|||0,00|0,00|0,00|01|13,50|0,6500|||0,09|01|13,50|3,0000|||0,41||
|C170|9|1082||2,00000|UN|54,80|0,00|0|000|5102||54,80|18,00|9,86|0,00|0,00|0,00|0|||0,00|0,00|0,00|01|54,80|0,6500|||0,36|01|54,80|3,0000|||1,64||
|C170|10|2113||5,00000|MT|17,70|0,00|0|060|5405||0,00|0,00|0,00|0,00|0,00|0,00|0|||0,00|0,00|0,00|01|17,70|0,6500|||0,12|01|17,70|3,0000|||0,53||
|C170|11|1291||12,00000|UN|376,44|0,00|0|060|5405||0,00|0,00|0,00|0,00|0,00|0,00|0|||0,00|0,00|0,00|01|376,44|0,6500|||2,45|01|376,44|3,0000|||11,29||
|C170|12|1608||8,00000|UN|3,60|0,00|0|060|5405||0,00|0,00|0,00|0,00|0,00|0,00|0|||0,00|0,00|0,00|01|3,60|0,6500|||0,02|01|3,60|3,0000|||0,11||
|C170|13|311||12,00000|UN|22,80|0,00|0|060|5405||0,00|0,00|0,00|0,00|0,00|0,00|0|||0,00|0,00|0,00|01|22,80|0,6500|||0,15|01|22,80|3,0000|||0,68||
|C170|14|3993||5,00000|UN|44,75|0,00|0|060|5405||0,00|0,00|0,00|0,00|0,00|0,00|0|||0,00|0,00|0,00|01|44,75|0,6500|||0,29|01|44,75|3,0000|||1,34||
|C170|15|4||24,00000|UN|20,40|0,00|0|060|5405||0,00|0,00|0,00|0,00|0,00|0,00|0|||0,00|0,00|0,00|01|20,40|0,6500|||0,13|01|20,40|3,0000|||0,61||
|C170|16|3500||3,00000|RL|742,65|0,00|0|060|5405||0,00|0,00|0,00|0,00|0,00|0,00|0|||0,00|0,00|0,00|01|742,65|0,6500|||4,83|01|742,65|3,0000|||22,28||
|C170|17|6111||60,00000|UN|9,00|0,00|0|060|5405||0,00|0,00|0,00|0,00|0,00|0,00|0|||0,00|0,00|0,00|01|9,00|0,6500|||0,06|01|9,00|3,0000|||0,27||
|C170|18|7630||4,00000|UN|590,80|0,00|0|060|5405||0,00|0,00|0,00|0,00|0,00|0,00|0|||0,00|0,00|0,00|01|590,80|0,6500|||3,84|01|590,80|3,0000|||17,72||
|C170|19|3842||6,00000|UN|241,20|0,00|0|060|5405||0,00|0,00|0,00|0,00|0,00|0,00|0|||0,00|0,00|0,00|01|241,20|0,6500|||1,57|01|241,20|3,0000|||7,24||
|C100|1|0||65|00|001|9905|31220741132335000140650010000099051980441843|22072022|22072022|11,11|1|0,00||11,11|9|0,00|0,00|0,00|7,57|1,36||||0,07|0,34|0,00|0,00|
|C110|000001||
|C110|000002||
|C110|000003||
|C110|000004||
|C110|000005||
|C175|5102|7,57|0,00|01|7,57|0,6500|||0,05|01|7,57|3,0000|||0,23|||
|C175|5405|3,54|0,00|01|3,54|0,6500|||0,02|01|3,54|3,0000|||0,11|||
|C100|1|0||65|00|001|9906|31220741132335000140650010000099061000730119|22072022|22072022|140,86|1|0,00||140,86|9|0,00|0,00|0,00|0,00|0,00||||0,92|4,22|0,00|0,00|
|C110|000001||
|C110|000002||
|C110|000003||
|C110|000004||
|C110|000005||
|C175|5405|140,86|0,00|01|140,86|0,6500|||0,92|01|140,86|3,0000|||4,22|||
|C100|1|0||65|00|001|9907|31220741132335000140650010000099071021018385|22072022|22072022|29,85|1|0,00||29,85|9|0,00|0,00|0,00|0,00|0,00||||0,20|0,88|0,00|0,00|
|C110|000001||
|C110|000002||
|C110|000003||
|C110|000004||
|C110|000005||
|C175|5405|29,85|0,00|01|29,85|0,6500|||0,20|01|29,85|3,0000|||0,88|||
|C100|1|0||65|00|001|9908|31220741132335000140650010000099081041306642|22072022|22072022|85,02|1|0,00||85,02|9|0,00|0,00|0,00|0,00|0,00||||0,55|2,55|0,00|0,00|
|C110|000001||
|C110|000002||
|C110|000003||
|C110|000004||
|C110|000005||
|C175|5405|85,02|0,00|01|85,02|0,6500|||0,55|01|85,02|3,0000|||2,55|||
|C100|1|0||65|00|001|9909|31220741132335000140650010000099091061594900|22072022|22072022|27,41|1|0,00||27,41|9|0,00|0,00|0,00|0,00|0,00||||0,18|0,83|0,00|0,00|
|C110|000001||
|C110|000002||
|C110|000003||
|C110|000004||
|C110|000005||
|C175|5405|27,41|0,00|01|27,41|0,6500|||0,18|01|27,41|3,0000|||0,83|||
|C100|1|0||65|00|001|9910|31220741132335000140650010000099101081883169|22072022|22072022|20,32|1|0,00||20,32|9|0,00|0,00|0,00|13,24|2,38||||0,13|0,61|0,00|0,00|
|C110|000001||
|C110|000002||
|C110|000003||
|C110|000004||
|C110|000005||
|C175|5102|13,24|0,00|01|13,24|0,6500|||0,09|01|13,24|3,0000|||0,40|||
|C175|5405|7,08|0,00|01|7,08|0,6500|||0,04|01|7,08|3,0000|||0,21|||
|C100|1|0||65|00|001|9911|31220741132335000140650010000099111102171429|22072022|22072022|15,13|1|0,00||15,13|9|0,00|0,00|0,00|0,00|0,00||||0,10|0,45|0,00|0,00|
|C110|000001||
|C110|000002||
|C110|000003||
|C110|000004||
|C110|000005||
|C175|5405|15,13|0,00|01|15,13|0,6500|||0,10|01|15,13|3,0000|||0,45|||
|C100|1|0||65|00|001|9912|31220741132335000140650010000099121122459689|22072022|22072022|48,84|1|0,00||48,84|9|0,00|0,00|0,00|0,00|0,00||||0,31|1,46|0,00|0,00|
|C110|000001||
|C110|000002||
|C110|000003||
|C110|000004||
|C110|000005||
|C175|5405|48,84|0,00|01|48,84|0,6500|||0,31|01|48,84|3,0000|||1,46|||
|C100|1|0||65|00|001|9913|31220741132335000140650010000099131142747954|22072022|22072022|19,47|1|0,00||19,47|9|0,00|0,00|0,00|0,00|0,00||||0,13|0,59|0,00|0,00|
|C110|000001||
|C110|000002||
|C110|000003||
|C110|000004||
|C110|000005||
|C175|5405|19,47|0,00|01|19,47|0,6500|||0,13|01|19,47|3,0000|||0,59|||
|C100|1|0||65|00|001|9914|31220741132335000140650010000099141163036213|22072022|22072022|48,34|1|0,00||48,34|9|0,00|0,00|0,00|0,00|0,00||||0,31|1,44|0,00|0,00|
|C110|000001||
|C110|000002||
|C110|000003||
|C110|000004||
|C110|000005||
|C175|5405|48,34|0,00|01|48,34|0,6500|||0,31|01|48,34|3,0000|||1,44|||
|C100|1|0||65|00|001|9915|31220741132335000140650010000099151183324475|22072022|22072022|29,67|1|0,00||29,67|9|0,00|0,00|0,00|0,00|0,00||||0,18|0,89|0,00|0,00|
|C110|000001||
|C110|000002||
|C110|000003||
|C110|000004||
|C110|000005||
|C175|5405|29,67|0,00|01|29,67|0,6500|||0,18|01|29,67|3,0000|||0,89|||
|C100|1|0||65|00|001|9916|31220741132335000140650010000099161203612737|22072022|22072022|27,87|1|0,00||27,87|9|0,00|0,00|0,00|0,00|0,00||||0,18|0,84|0,00|0,00|
|C110|000001||
|C110|000002||
|C110|000003||
|C110|000004||
|C110|000005||
|C175|5405|27,87|0,00|01|27,87|0,6500|||0,18|01|27,87|3,0000|||0,84|||
|C100|1|0||65|00|001|9917|31220741132335000140650010000099171223900999|22072022|22072022|91,32|1|0,00||91,32|9|0,00|0,00|0,00|0,00|0,00||||0,59|2,75|0,00|0,00|
|C110|000001||
|C110|000002||
|C110|000003||
|C110|000004||
|C110|000005||
|C175|5405|91,32|0,00|01|91,32|0,6500|||0,59|01|91,32|3,0000|||2,75|||
|C100|1|0||65|00|001|9918|31220741132335000140650010000099181244189256|22072022|22072022|245,90|1|0,00||245,90|9|0,00|0,00|0,00|0,00|0,00||||1,60|7,38|0,00|0,00|
|C110|000001||
|C110|000002||
|C110|000003||
|C110|000004||
|C110|000005||
|C175|5405|245,90|0,00|01|245,90|0,6500|||1,60|01|245,90|3,0000|||7,38|||
|C100|1|0||65|00|001|9919|31220741132335000140650010000099191264477521|22072022|22072022|61,60|1|0,00||61,60|9|0,00|0,00|0,00|0,00|0,00||||0,40|1,85|0,00|0,00|
|C110|000001||
|C110|000002||
|C110|000003||
|C110|000004||
|C110|000005||
|C175|5405|61,60|0,00|01|61,60|0,6500|||0,40|01|61,60|3,0000|||1,85|||
|C100|1|0||65|00|001|9920|31220741132335000140650010000099201284765787|22072022|22072022|291,57|1|0,00||291,57|9|0,00|0,00|0,00|0,00|0,00||||1,90|8,76|0,00|0,00|
|C110|000001||
|C110|000002||
|C110|000003||
|C110|000004||
|C110|000005||
|C175|5405|291,57|0,00|01|291,57|0,6500|||1,90|01|291,57|3,0000|||8,76|||
|C100|1|0||65|00|001|9921|31220741132335000140650010000099211305054040|22072022|22072022|387,22|1|0,00||387,22|9|0,00|0,00|0,00|0,00|0,00||||2,53|11,61|0,00|0,00|
|C110|000001||
|C110|000002||
|C110|000003||
|C110|000004||
|C110|000005||
|C175|5405|387,22|0,00|01|387,22|0,6500|||2,53|01|387,22|3,0000|||11,61|||
|C100|1|0||65|00|001|9922|31220741132335000140650010000099221325342308|22072022|22072022|26,50|1|0,00||26,50|9|0,00|0,00|0,00|0,00|0,00||||0,17|0,79|0,00|0,00|
|C110|000001||
|C110|000002||
|C110|000003||
|C110|000004||
|C110|000005||
|C175|5405|26,50|0,00|01|26,50|0,6500|||0,17|01|26,50|3,0000|||0,79|||
|C100|1|0||65|00|001|9924|31220741132335000140650010000099241365918825|25072022|25072022|5,89|1|0,00||5,89|9|0,00|0,00|0,00|0,00|0,00||||0,04|0,18|0,00|0,00|
|C110|000001||
|C110|000002||
|C110|000003||
|C110|000004||
|C110|000005||
|C175|5405|5,89|0,00|01|5,89|0,6500|||0,04|01|5,89|3,0000|||0,18|||
|C100|1|0||65|00|001|9925|31220741132335000140650010000099251386207089|25072022|25072022|580,00|0|0,00||580,00|9|0,00|0,00|0,00|0,00|0,00||||3,80|17,38|0,00|0,00|
|C110|000001||
|C110|000002||
|C110|000003||
|C110|000004||
|C110|000005||
|C175|5405|580,00|0,00|01|580,00|0,6500|||3,80|01|580,00|3,0000|||17,38|||
|C100|1|0||65|00|001|9926|31220741132335000140650010000099261406495359|25072022|25072022|201,37|1|0,00||201,37|9|0,00|0,00|0,00|0,00|0,00||||1,30|6,06|0,00|0,00|
|C110|000001||
|C110|000002||
|C110|000003||
|C110|000004||
|C110|000005||
|C175|5405|201,37|0,00|01|201,37|0,6500|||1,30|01|201,37|3,0000|||6,06|||
|C100|1|0||65|00|001|9927|31220741132335000140650010000099271426783616|25072022|25072022|10,62|1|0,00||10,62|9|0,00|0,00|0,00|0,00|0,00||||0,07|0,32|0,00|0,00|
|C110|000001||
|C110|000002||
|C110|000003||
|C110|000004||
|C110|000005||
|C175|5405|10,62|0,00|01|10,62|0,6500|||0,07|01|10,62|3,0000|||0,32|||
|C100|1|0||65|00|001|9928|31220741132335000140650010000099281447071876|25072022|25072022|196,93|0|0,00||196,93|9|0,00|0,00|0,00|0,00|0,00||||1,28|5,93|0,00|0,00|
|C110|000001||
|C110|000002||
|C110|000003||
|C110|000004||
|C110|000005||
|C175|5405|196,93|0,00|01|196,93|0,6500|||1,28|01|196,93|3,0000|||5,93|||
|C100|1|0||65|00|001|9929|31220741132335000140650010000099291467360137|25072022|25072022|121,55|0|0,00||121,55|9|0,00|0,00|0,00|0,00|0,00||||0,79|3,65|0,00|0,00|
|C110|000001||
|C110|000002||
|C110|000003||
|C110|000004||
|C110|000005||
|C175|5405|121,55|0,00|01|121,55|0,6500|||0,79|01|121,55|3,0000|||3,65|||
|C100|1|0||65|00|001|9930|31220741132335000140650010000099301487648390|25072022|25072022|47,75|0|0,00||47,75|9|0,00|0,00|0,00|44,75|8,06||||0,31|1,43|0,00|0,00|
|C110|000001||
|C110|000002||
|C110|000003||
|C110|000004||
|C110|000005||
|C175|5102|44,75|0,00|01|44,75|0,6500|||0,29|01|44,75|3,0000|||1,34|||
|C175|5405|3,00|0,00|01|3,00|0,6500|||0,02|01|3,00|3,0000|||0,09|||
|C100|1|0||65|00|001|9931|31220741132335000140650010000099311507936652|25072022|25072022|15,85|0|0,00||15,85|9|0,00|0,00|0,00|0,00|0,00||||0,11|0,47|0,00|0,00|
|C110|000001||
|C110|000002||
|C110|000003||
|C110|000004||
|C110|000005||
|C175|5405|15,85|0,00|01|15,85|0,6500|||0,11|01|15,85|3,0000|||0,47|||
|C100|1|0||65|00|001|9932|31220741132335000140650010000099321528224926|25072022|25072022|139,33|1|0,00||139,33|9|0,00|0,00|0,00|0,00|0,00||||0,90|4,18|0,00|0,00|
|C110|000001||
|C110|000002||
|C110|000003||
|C110|000004||
|C110|000005||
|C175|5405|139,33|0,00|01|139,33|0,6500|||0,90|01|139,33|3,0000|||4,18|||
|C100|1|0||65|00|001|9933|31220741132335000140650010000099331548513181|25072022|25072022|100,92|1|0,00||100,92|9|0,00|0,00|0,00|0,00|0,00||||0,65|3,03|0,00|0,00|
|C110|000001||
|C110|000002||
|C110|000003||
|C110|000004||
|C110|000005||
|C175|5405|100,92|0,00|01|100,92|0,6500|||0,65|01|100,92|3,0000|||3,03|||
|C100|1|0||65|00|001|9934|31220741132335000140650010000099341568801449|25072022|25072022|87,19|1|0,00||87,19|9|0,00|0,00|0,00|0,00|0,00||||0,57|2,62|0,00|0,00|
|C110|000001||
|C110|000002||
|C110|000003||
|C110|000004||
|C110|000005||
|C175|5405|87,19|0,00|01|87,19|0,6500|||0,57|01|87,19|3,0000|||2,62|||
|C100|1|0||65|00|001|9935|31220741132335000140650010000099351589089702|25072022|25072022|71,35|1|0,00||71,35|9|0,00|0,00|0,00|66,04|11,88||||0,46|2,15|0,00|0,00|
|C110|000001||
|C110|000002||
|C110|000003||
|C110|000004||
|C110|000005||
|C175|5102|66,04|0,00|01|66,04|0,6500|||0,43|01|66,04|3,0000|||1,99|||
|C175|5405|5,31|0,00|01|5,31|0,6500|||0,03|01|5,31|3,0000|||0,16|||
|C100|1|0||65|00|001|9936|31220741132335000140650010000099361609377969|25072022|25072022|78,07|1|0,00||78,07|9|0,00|0,00|0,00|0,00|0,00||||0,51|2,34|0,00|0,00|
|C110|000001||
|C110|000002||
|C110|000003||
|C110|000004||
|C110|000005||
|C175|5405|78,07|0,00|01|78,07|0,6500|||0,51|01|78,07|3,0000|||2,34|||
|C100|1|0||65|00|001|9937|31220741132335000140650010000099371629666220|25072022|25072022|101,46|1|0,00||101,46|9|0,00|0,00|0,00|0,00|0,00||||0,66|3,04|0,00|0,00|
|C110|000001||
|C110|000002||
|C110|000003||
|C110|000004||
|C110|000005||
|C175|5405|101,46|0,00|01|101,46|0,6500|||0,66|01|101,46|3,0000|||3,04|||
|C100|1|0||65|00|001|9938|31220741132335000140650010000099381649954490|25072022|25072022|42,19|1|0,00||42,19|9|0,00|0,00|0,00|0,00|0,00||||0,28|1,26|0,00|0,00|
|C110|000001||
|C110|000002||
|C110|000003||
|C110|000004||
|C110|000005||
|C175|5405|42,19|0,00|01|42,19|0,6500|||0,28|01|42,19|3,0000|||1,26|||
|C100|1|0||65|00|001|9939|31220741132335000140650010000099391670242751|25072022|25072022|83,79|1|0,00||83,79|9|0,00|0,00|0,00|0,00|0,00||||0,54|2,52|0,00|0,00|
|C110|000001||
|C110|000002||
|C110|000003||
|C110|000004||
|C110|000005||
|C175|5405|83,79|0,00|01|83,79|0,6500|||0,54|01|83,79|3,0000|||2,52|||
|C100|1|0||65|00|001|9940|31220741132335000140650010000099401690531016|25072022|25072022|57,03|1|0,00||57,03|9|0,00|0,00|0,00|0,00|0,00||||0,36|1,71|0,00|0,00|
|C110|000001||
|C110|000002||
|C110|000003||
|C110|000004||
|C110|000005||
|C175|5405|57,03|0,00|01|57,03|0,6500|||0,36|01|57,03|3,0000|||1,71|||
|C100|1|0||65|00|001|9941|31220741132335000140650010000099411710819270|25072022|25072022|75,75|1|0,00||75,75|9|0,00|0,00|0,00|0,00|0,00||||0,50|2,27|0,00|0,00|
|C110|000001||
|C110|000002||
|C110|000003||
|C110|000004||
|C110|000005||
|C175|5405|75,75|0,00|01|75,75|0,6500|||0,50|01|75,75|3,0000|||2,27|||
|C100|1|0||65|00|001|9942|31220741132335000140650010000099421731107536|25072022|25072022|53,08|1|0,00||53,08|9|0,00|0,00|0,00|0,00|0,00||||0,35|1,60|0,00|0,00|
|C110|000001||
|C110|000002||
|C110|000003||
|C110|000004||
|C110|000005||
|C175|5405|53,08|0,00|01|53,08|0,6500|||0,35|01|53,08|3,0000|||1,60|||
|C100|1|0||65|00|001|9943|31220741132335000140650010000099431751395798|25072022|25072022|34,84|1|0,00||34,84|9|0,00|0,00|0,00|0,00|0,00||||0,23|1,04|0,00|0,00|
|C110|000001||
|C110|000002||
|C110|000003||
|C110|000004||
|C110|000005||
|C175|5405|34,84|0,00|01|34,84|0,6500|||0,23|01|34,84|3,0000|||1,04|||
|C100|1|0||65|00|001|9944|31220741132335000140650010000099441771684067|25072022|25072022|116,50|1|0,00||116,50|9|0,00|0,00|0,00|0,00|0,00||||0,75|3,51|0,00|0,00|
|C110|000001||
|C110|000002||
|C110|000003||
|C110|000004||
|C110|000005||
|C175|5405|116,50|0,00|01|116,50|0,6500|||0,75|01|116,50|3,0000|||3,51|||
|C100|1|0||65|00|001|9945|31220741132335000140650010000099451791972324|25072022|25072022|327,00|0|0,00||327,00|9|0,00|0,00|0,00|0,00|0,00||||2,12|9,81|0,00|0,00|
|C110|000001||
|C110|000002||
|C110|000003||
|C110|000004||
|C110|000005||
|C175|5405|327,00|0,00|01|327,00|0,6500|||2,12|01|327,00|3,0000|||9,81|||
|C100|1|0||65|00|001|9947|31220741132335000140650010000099471832548844|25072022|25072022|2553,80|1|0,00||2553,80|9|0,00|0,00|0,00|0,00|0,00||||16,61|76,62|0,00|0,00|
|C110|000001||
|C110|000002||
|C110|000003||
|C110|000004||
|C110|000005||
|C175|5405|2553,80|0,00|01|2553,80|0,6500|||16,61|01|2553,80|3,0000|||76,62|||
|C100|1|0||65|00|001|9949|31220741132335000140650010000099491873125365|25072022|25072022|56,00|1|0,00||56,00|9|0,00|0,00|0,00|0,00|0,00||||0,36|1,68|0,00|0,00|
|C110|000001||
|C110|000002||
|C110|000003||
|C110|000004||
|C110|000005||
|C175|5405|56,00|0,00|01|56,00|0,6500|||0,36|01|56,00|3,0000|||1,68|||
|C100|1|0|7|55|00|1|1802|31220741132335000140550010000018021706385919|25072022|25072022|5000,00|1|2967,57||5000,00|1|0,00|0,00|0,00|0,00|0,00|0,00|0,00|0,00|32,50|150,00|0,00|0,00|
|C110|000006||
|C110|000001||
|C110|000002||
|C110|000003||
|C110|000004||
|C110|000005||
|C170|1|3514||9,00000|UN|166,61|98,89|0|060|5405||0,00|0,00|0,00|0,00|0,00|0,00|0|||0,00|0,00|0,00|01|166,61|0,6500|||1,08|01|166,61|3,0000|||5,00||
|C170|2|261||73,00000|UN|1264,38|750,42|0|060|5405||0,00|0,00|0,00|0,00|0,00|0,00|0|||0,00|0,00|0,00|01|1264,38|0,6500|||8,22|01|1264,38|3,0000|||37,93||
|C170|3|156||120,00000|MT|738,75|438,45|0|060|5405||0,00|0,00|0,00|0,00|0,00|0,00|0|||0,00|0,00|0,00|01|738,75|0,6500|||4,80|01|738,75|3,0000|||22,16||
|C170|4|1539||100,00000|UN|2375,25|1409,75|0|060|5405||0,00|0,00|0,00|0,00|0,00|0,00|0|||0,00|0,00|0,00|01|2375,25|0,6500|||15,44|01|2375,25|3,0000|||71,26||
|C170|5|93||19,00000|UN|73,33|43,52|0|060|5405||0,00|0,00|0,00|0,00|0,00|0,00|0|||0,00|0,00|0,00|01|73,33|0,6500|||0,48|01|73,33|3,0000|||2,20||
|C170|6|156||62,00000|MT|381,68|226,54|0|060|5405||0,00|0,00|0,00|0,00|0,00|0,00|0|||0,00|0,00|0,00|01|381,68|0,6500|||2,48|01|381,68|3,0000|||11,45||
|C100|1|0|2011|55|00|1|1803|31220741132335000140550010000018031384350850|25072022|25072022|430,99|1|0,00||430,99|1|0,00|0,00|0,00|285,89|51,46|0,00|0,00|0,00|2,80|12,93|0,00|0,00|
|C110|000006||
|C110|000001||
|C110|000002||
|C110|000003||
|C110|000004||
|C110|000005||
|C170|1|6514||2,00000|UN|97,30|0,00|0|060|5405||0,00|0,00|0,00|0,00|0,00|0,00|0|||0,00|0,00|0,00|01|97,30|0,6500|||0,63|01|97,30|3,0000|||2,92||
|C170|2|7746||2,00000|UN|47,80|0,00|0|060|5405||0,00|0,00|0,00|0,00|0,00|0,00|0|||0,00|0,00|0,00|01|47,80|0,6500|||0,31|01|47,80|3,0000|||1,43||
|C170|3|7319||1,00000|UN|285,89|0,00|0|000|5102||285,89|18,00|51,46|0,00|0,00|0,00|0|||0,00|0,00|0,00|01|285,89|0,6500|||1,86|01|285,89|3,0000|||8,58||
|C100|1|0|892|55|00|1|1804|31220741132335000140550010000018041702074140|25072022|25072022|992,16|1|0,00||992,16|1|0,00|0,00|0,00|107,95|19,43|0,00|0,00|0,00|6,44|29,76|0,00|0,00|
|C110|000006||
|C110|000001||
|C110|000002||
|C110|000003||
|C110|000004||
|C110|000005||
|C170|1|1455||2,00000|UN|9,00|0,00|0|000|5102||9,00|18,00|1,62|0,00|0,00|0,00|0|||0,00|0,00|0,00|01|9,00|0,6500|||0,06|01|9,00|3,0000|||0,27||
|C170|2|154||10,00000|MT|89,80|0,00|0|060|5405||0,00|0,00|0,00|0,00|0,00|0,00|0|||0,00|0,00|0,00|01|89,80|0,6500|||0,58|01|89,80|3,0000|||2,69||
|C170|3|5445||1,00000|UN|18,50|0,00|0|000|5102||18,50|18,00|3,33|0,00|0,00|0,00|0|||0,00|0,00|0,00|01|18,50|0,6500|||0,12|01|18,50|3,0000|||0,56||
|C170|4|2035||2,00000|UN|16,90|0,00|0|060|5405||0,00|0,00|0,00|0,00|0,00|0,00|0|||0,00|0,00|0,00|01|16,90|0,6500|||0,11|01|16,90|3,0000|||0,51||
|C170|5|5028||1,00000|UN|34,45|0,00|0|060|5405||0,00|0,00|0,00|0,00|0,00|0,00|0|||0,00|0,00|0,00|01|34,45|0,6500|||0,22|01|34,45|3,0000|||1,03||
|C170|6|2867||1,00000|UN|50,30|0,00|0|060|5405||0,00|0,00|0,00|0,00|0,00|0,00|0|||0,00|0,00|0,00|01|50,30|0,6500|||0,33|01|50,30|3,0000|||1,51||
|C170|7|3876||2,00000|UN|13,40|0,00|0|060|5405||0,00|0,00|0,00|0,00|0,00|0,00|0|||0,00|0,00|0,00|01|13,40|0,6500|||0,09|01|13,40|3,0000|||0,40||
|C170|8|5041||10,00000|MT|89,80|0,00|0|060|5405||0,00|0,00|0,00|0,00|0,00|0,00|0|||0,00|0,00|0,00|01|89,80|0,6500|||0,58|01|89,80|3,0000|||2,69||
|C170|9|1464||6,00000|UN|37,80|0,00|0|000|5102||37,80|18,00|6,80|0,00|0,00|0,00|0|||0,00|0,00|0,00|01|37,80|0,6500|||0,25|01|37,80|3,0000|||1,13||
|C170|10|3804||2,00000|UN|64,16|0,00|0|060|5405||0,00|0,00|0,00|0,00|0,00|0,00|0|||0,00|0,00|0,00|01|64,16|0,6500|||0,42|01|64,16|3,0000|||1,92||
|C170|11|4195||1,00000|UN|66,90|0,00|0|060|5405||0,00|0,00|0,00|0,00|0,00|0,00|0|||0,00|0,00|0,00|01|66,90|0,6500|||0,43|01|66,90|3,0000|||2,01||
|C170|12|157||8,00000|MT|111,28|0,00|0|060|5405||0,00|0,00|0,00|0,00|0,00|0,00|0|||0,00|0,00|0,00|01|111,28|0,6500|||0,72|01|111,28|3,0000|||3,34||
|C170|13|316||1,00000|UN|3,70|0,00|0|060|5405||0,00|0,00|0,00|0,00|0,00|0,00|0|||0,00|0,00|0,00|01|3,70|0,6500|||0,02|01|3,70|3,0000|||0,11||
|C170|14|585||30,00000|MT|186,30|0,00|0|060|5405||0,00|0,00|0,00|0,00|0,00|0,00|0|||0,00|0,00|0,00|01|186,30|0,6500|||1,21|01|186,30|3,0000|||5,59||
|C170|15|146||40,00000|MT|141,60|0,00|0|060|5405||0,00|0,00|0,00|0,00|0,00|0,00|0|||0,00|0,00|0,00|01|141,60|0,6500|||0,92|01|141,60|3,0000|||4,25||
|C170|16|2035||1,00000|UN|8,96|0,00|0|060|5405||0,00|0,00|0,00|0,00|0,00|0,00|0|||0,00|0,00|0,00|01|8,96|0,6500|||0,06|01|8,96|3,0000|||0,27||
|C170|17|528||1,00000|UN|42,65|0,00|0|000|5102||42,65|18,00|7,68|0,00|0,00|0,00|0|||0,00|0,00|0,00|01|42,65|0,6500|||0,28|01|42,65|3,0000|||1,28||
|C170|18|317||2,00000|UN|6,66|0,00|0|060|5405||0,00|0,00|0,00|0,00|0,00|0,00|0|||0,00|0,00|0,00|01|6,66|0,6500|||0,04|01|6,66|3,0000|||0,20||
|C100|1|0|3337|55|00|1|1807|31220741132335000140550010000018071367739078|25072022|25072022|7553,60|1|0,00||7553,60|1|0,00|0,00|0,00|1350,00|243,00|0,00|0,00|0,00|49,14|226,63|0,00|0,00|
|C110|000001||
|C110|000002||
|C110|000003||
|C110|000004||
|C110|000005||
|C170|1|7872||30,00000|UN|2610,00|0,00|0|060|5405||0,00|0,00|0,00|0,00|0,00|0,00|0|||0,00|0,00|0,00|01|2610,00|0,6500|||16,97|01|2610,00|3,0000|||78,30||
|C170|2|7794||7,00000|UN|33,32|0,00|0|060|5405||0,00|0,00|0,00|0,00|0,00|0,00|0|||0,00|0,00|0,00|01|33,32|0,6500|||0,22|01|33,32|3,0000|||1,00||
|C170|3|2290||17,00000|UN|375,53|0,00|0|060|5405||0,00|0,00|0,00|0,00|0,00|0,00|0|||0,00|0,00|0,00|01|375,53|0,6500|||2,44|01|375,53|3,0000|||11,27||
|C170|4|1439||2,00000|UN|23,20|0,00|0|060|5405||0,00|0,00|0,00|0,00|0,00|0,00|0|||0,00|0,00|0,00|01|23,20|0,6500|||0,15|01|23,20|3,0000|||0,70||
|C170|5|466||10,00000|UN|53,10|0,00|0|060|5405||0,00|0,00|0,00|0,00|0,00|0,00|0|||0,00|0,00|0,00|01|53,10|0,6500|||0,35|01|53,10|3,0000|||1,59||
|C170|6|4334||4,00000|UN|173,80|0,00|0|060|5405||0,00|0,00|0,00|0,00|0,00|0,00|0|||0,00|0,00|0,00|01|173,80|0,6500|||1,13|01|173,80|3,0000|||5,21||
|C170|7|3875||2,00000|UN|10,12|0,00|0|060|5405||0,00|0,00|0,00|0,00|0,00|0,00|0|||0,00|0,00|0,00|01|10,12|0,6500|||0,07|01|10,12|3,0000|||0,30||
|C170|8|1719||6,00000|UN|35,40|0,00|0|060|5405||0,00|0,00|0,00|0,00|0,00|0,00|0|||0,00|0,00|0,00|01|35,40|0,6500|||0,23|01|35,40|3,0000|||1,06||
|C170|9|6111||10,00000|UN|1,50|0,00|0|060|5405||0,00|0,00|0,00|0,00|0,00|0,00|0|||0,00|0,00|0,00|01|1,50|0,6500|||0,01|01|1,50|3,0000|||0,05||
|C170|10|328||35,00000|UN|19,95|0,00|0|060|5405||0,00|0,00|0,00|0,00|0,00|0,00|0|||0,00|0,00|0,00|01|19,95|0,6500|||0,13|01|19,95|3,0000|||0,60||
|C170|11|152||50,00000|MT|107,50|0,00|0|060|5405||0,00|0,00|0,00|0,00|0,00|0,00|0|||0,00|0,00|0,00|01|107,50|0,6500|||0,70|01|107,50|3,0000|||3,23||
|C170|12|3889||3,00000|UN|13,14|0,00|0|060|5405||0,00|0,00|0,00|0,00|0,00|0,00|0|||0,00|0,00|0,00|01|13,14|0,6500|||0,09|01|13,14|3,0000|||0,39||
|C170|13|4186||2,00000|UN|15,60|0,00|0|060|5405||0,00|0,00|0,00|0,00|0,00|0,00|0|||0,00|0,00|0,00|01|15,60|0,6500|||0,10|01|15,60|3,0000|||0,47||
|C170|14|4335||6,00000|UN|168,00|0,00|0|060|5405||0,00|0,00|0,00|0,00|0,00|0,00|0|||0,00|0,00|0,00|01|168,00|0,6500|||1,09|01|168,00|3,0000|||5,04||
|C170|15|4563||6,00000|UN|502,80|0,00|0|060|5405||0,00|0,00|0,00|0,00|0,00|0,00|0|||0,00|0,00|0,00|01|502,80|0,6500|||3,27|01|502,80|3,0000|||15,08||
|C170|16|915||4,00000|UN|19,00|0,00|0|060|5405||0,00|0,00|0,00|0,00|0,00|0,00|0|||0,00|0,00|0,00|01|19,00|0,6500|||0,12|01|19,00|3,0000|||0,57||
|C170|17|3876||5,00000|UN|33,50|0,00|0|060|5405||0,00|0,00|0,00|0,00|0,00|0,00|0|||0,00|0,00|0,00|01|33,50|0,6500|||0,22|01|33,50|3,0000|||1,01||
|C170|18|3905||3,00000|UN|27,54|0,00|0|060|5405||0,00|0,00|0,00|0,00|0,00|0,00|0|||0,00|0,00|0,00|01|27,54|0,6500|||0,18|01|27,54|3,0000|||0,83||
|C170|19|236||30,00000|UN|39,00|0,00|0|060|5405||0,00|0,00|0,00|0,00|0,00|0,00|0|||0,00|0,00|0,00|01|39,00|0,6500|||0,25|01|39,00|3,0000|||1,17||
|C170|20|5870||6,00000|UN|246,42|0,00|0|060|5405||0,00|0,00|0,00|0,00|0,00|0,00|0|||0,00|0,00|0,00|01|246,42|0,6500|||1,60|01|246,42|3,0000|||7,39||
|C170|21|3741||2,00000|UN|28,80|0,00|0|060|5405||0,00|0,00|0,00|0,00|0,00|0,00|0|||0,00|0,00|0,00|01|28,80|0,6500|||0,19|01|28,80|3,0000|||0,86||
|C170|22|3531||21,00000|UN|415,80|0,00|0|060|5405||0,00|0,00|0,00|0,00|0,00|0,00|0|||0,00|0,00|0,00|01|415,80|0,6500|||2,70|01|415,80|3,0000|||12,47||
|C170|23|2855||4,00000|UN|40,80|0,00|0|060|5405||0,00|0,00|0,00|0,00|0,00|0,00|0|||0,00|0,00|0,00|01|40,80|0,6500|||0,27|01|40,80|3,0000|||1,22||
|C170|24|3906||22,00000|UN|185,90|0,00|0|060|5405||0,00|0,00|0,00|0,00|0,00|0,00|0|||0,00|0,00|0,00|01|185,90|0,6500|||1,21|01|185,90|3,0000|||5,58||
|C170|25|2834||1,00000|UN|1350,00|0,00|0|000|5102||1350,00|18,00|243,00|0,00|0,00|0,00|0|||0,00|0,00|0,00|01|1350,00|0,6500|||8,78|01|1350,00|3,0000|||40,50||
|C170|26|3903||28,00000|UN|122,64|0,00|0|060|5405||0,00|0,00|0,00|0,00|0,00|0,00|0|||0,00|0,00|0,00|01|122,64|0,6500|||0,80|01|122,64|3,0000|||3,68||
|C170|27|2113||35,00000|MT|123,90|0,00|0|060|5405||0,00|0,00|0,00|0,00|0,00|0,00|0|||0,00|0,00|0,00|01|123,90|0,6500|||0,81|01|123,90|3,0000|||3,72||
|C170|28|2466||10,00000|UN|2,00|0,00|0|060|5405||0,00|0,00|0,00|0,00|0,00|0,00|0|||0,00|0,00|0,00|01|2,00|0,6500|||0,01|01|2,00|3,0000|||0,06||
|C170|29|623||2,00000|UN|7,40|0,00|0|060|5405||0,00|0,00|0,00|0,00|0,00|0,00|0|||0,00|0,00|0,00|01|7,40|0,6500|||0,05|01|7,40|3,0000|||0,22||
|C170|30|2070||50,00000|MT|107,50|0,00|0|060|5405||0,00|0,00|0,00|0,00|0,00|0,00|0|||0,00|0,00|0,00|01|107,50|0,6500|||0,70|01|107,50|3,0000|||3,23||
|C170|31|3874||2,00000|UN|9,18|0,00|0|060|5405||0,00|0,00|0,00|0,00|0,00|0,00|0|||0,00|0,00|0,00|01|9,18|0,6500|||0,06|01|9,18|3,0000|||0,28||
|C170|32|4182||16,00000|UN|297,60|0,00|0|060|5405||0,00|0,00|0,00|0,00|0,00|0,00|0|||0,00|0,00|0,00|01|297,60|0,6500|||1,93|01|297,60|3,0000|||8,93||
|C170|33|4398||1,00000|UN|50,00|0,00|0|060|5405||0,00|0,00|0,00|0,00|0,00|0,00|0|||0,00|0,00|0,00|01|50,00|0,6500|||0,33|01|50,00|3,0000|||1,50||
|C170|34|1009||1,00000|UN|4,90|0,00|0|060|5405||0,00|0,00|0,00|0,00|0,00|0,00|0|||0,00|0,00|0,00|01|4,90|0,6500|||0,03|01|4,90|3,0000|||0,15||
|C170|35|2068||50,00000|MT|107,50|0,00|0|060|5405||0,00|0,00|0,00|0,00|0,00|0,00|0|||0,00|0,00|0,00|01|107,50|0,6500|||0,70|01|107,50|3,0000|||3,23||
|C170|36|692||1,00000|UN|2,89|0,00|0|060|5405||0,00|0,00|0,00|0,00|0,00|0,00|0|||0,00|0,00|0,00|01|2,89|0,6500|||0,02|01|2,89|3,0000|||0,09||
|C170|37|1938||30,00000|UN|13,50|0,00|0|060|5405||0,00|0,00|0,00|0,00|0,00|0,00|0|||0,00|0,00|0,00|01|13,50|0,6500|||0,09|01|13,50|3,0000|||0,41||
|C170|38|4690||2,00000|UN|68,12|0,00|0|060|5405||0,00|0,00|0,00|0,00|0,00|0,00|0|||0,00|0,00|0,00|01|68,12|0,6500|||0,44|01|68,12|3,0000|||2,04||
|C170|39|4011||4,00000|UN|44,00|0,00|0|060|5405||0,00|0,00|0,00|0,00|0,00|0,00|0|||0,00|0,00|0,00|01|44,00|0,6500|||0,29|01|44,00|3,0000|||1,32||
|C170|40|2204||1,00000|UN|5,33|0,00|0|060|5405||0,00|0,00|0,00|0,00|0,00|0,00|0|||0,00|0,00|0,00|01|5,33|0,6500|||0,03|01|5,33|3,0000|||0,16||
|C170|41|3891||9,00000|UN|39,42|0,00|0|060|5405||0,00|0,00|0,00|0,00|0,00|0,00|0|||0,00|0,00|0,00|01|39,42|0,6500|||0,26|01|39,42|3,0000|||1,18||
|C170|42|1940||30,00000|UN|18,00|0,00|0|060|5405||0,00|0,00|0,00|0,00|0,00|0,00|0|||0,00|0,00|0,00|01|18,00|0,6500|||0,12|01|18,00|3,0000|||0,54||
|C100|1|0||65|00|001|9950|31220741132335000140650010000099501893413634|25072022|25072022|27,00|0|0,00||27,00|9|0,00|0,00|0,00|0,00|0,00||||0,16|0,81|0,00|0,00|
|C110|000001||
|C110|000002||
|C110|000003||
|C110|000004||
|C110|000005||
|C175|5405|27,00|0,00|01|27,00|0,6500|||0,16|01|27,00|3,0000|||0,81|||
|C100|1|0||65|00|001|9951|31220741132335000140650010000099511913701890|25072022|25072022|43,56|0|0,00||43,56|9|0,00|0,00|0,00|0,00|0,00||||0,28|1,31|0,00|0,00|
|C110|000001||
|C110|000002||
|C110|000003||
|C110|000004||
|C110|000005||
|C175|5405|43,56|0,00|01|43,56|0,6500|||0,28|01|43,56|3,0000|||1,31|||
|C100|1|0||65|00|001|9952|31220741132335000140650010000099521933990151|25072022|25072022|32,17|1|0,00||32,17|9|0,00|0,00|0,00|0,00|0,00||||0,20|0,97|0,00|0,00|
|C110|000001||
|C110|000002||
|C110|000003||
|C110|000004||
|C110|000005||
|C175|5405|32,17|0,00|01|32,17|0,6500|||0,20|01|32,17|3,0000|||0,97|||
|C100|1|0||65|00|001|9953|31220741132335000140650010000099531954278415|25072022|25072022|351,93|1|0,00||351,93|9|0,00|0,00|0,00|0,00|0,00||||2,29|10,55|0,00|0,00|
|C110|000001||
|C110|000002||
|C110|000003||
|C110|000004||
|C110|000005||
|C175|5405|351,93|0,00|01|351,93|0,6500|||2,29|01|351,93|3,0000|||10,55|||
|C100|1|0||65|00|001|9954|31220741132335000140650010000099541974566677|25072022|25072022|20,73|1|0,00||20,73|9|0,00|0,00|0,00|0,00|0,00||||0,13|0,62|0,00|0,00|
|C110|000001||
|C110|000002||
|C110|000003||
|C110|000004||
|C110|000005||
|C175|5405|20,73|0,00|01|20,73|0,6500|||0,13|01|20,73|3,0000|||0,62|||
|C100|1|0||65|00|001|9955|31220741132335000140650010000099551994854934|25072022|25072022|247,50|1|0,00||247,50|9|0,00|0,00|0,00|0,00|0,00||||1,61|7,43|0,00|0,00|
|C110|000001||
|C110|000002||
|C110|000003||
|C110|000004||
|C110|000005||
|C175|5405|247,50|0,00|01|247,50|0,6500|||1,61|01|247,50|3,0000|||7,43|||
|C100|1|0||65|00|001|9956|31220741132335000140650010000099561015143208|25072022|25072022|745,02|1|0,00||745,02|9|0,00|0,00|0,00|0,00|0,00||||4,83|22,36|0,00|0,00|
|C110|000001||
|C110|000002||
|C110|000003||
|C110|000004||
|C110|000005||
|C175|5405|745,02|0,00|01|745,02|0,6500|||4,83|01|745,02|3,0000|||22,36|||
|C100|1|0|612|55|00|1|1808|31220741132335000140550010000018081102513885|25072022|25072022|1312,65|1|0,00||1312,65|1|0,00|0,00|0,00|115,60|20,81|0,00|0,00|0,00|8,53|39,39|0,00|0,00|
|C110|000001||
|C110|000002||
|C110|000003||
|C110|000004||
|C110|000005||
|C170|1|6568||3,00000|UN|471,12|0,00|0|060|5405||0,00|0,00|0,00|0,00|0,00|0,00|0|||0,00|0,00|0,00|01|471,12|0,6500|||3,06|01|471,12|3,0000|||14,13||
|C170|2|2081||25,00000|MT|149,25|0,00|0|060|5405||0,00|0,00|0,00|0,00|0,00|0,00|0|||0,00|0,00|0,00|01|149,25|0,6500|||0,97|01|149,25|3,0000|||4,48||
|C170|3|1548||1,00000|UN|360,36|0,00|0|060|5405||0,00|0,00|0,00|0,00|0,00|0,00|0|||0,00|0,00|0,00|01|360,36|0,6500|||2,34|01|360,36|3,0000|||10,81||
|C170|4|997||10,00000|UN|19,00|0,00|0|060|5405||0,00|0,00|0,00|0,00|0,00|0,00|0|||0,00|0,00|0,00|01|19,00|0,6500|||0,12|01|19,00|3,0000|||0,57||
|C170|5|3902||1,00000|UN|16,25|0,00|0|060|5405||0,00|0,00|0,00|0,00|0,00|0,00|0|||0,00|0,00|0,00|01|16,25|0,6500|||0,11|01|16,25|3,0000|||0,49||
|C170|6|566||12,00000|UN|53,52|0,00|0|060|5405||0,00|0,00|0,00|0,00|0,00|0,00|0|||0,00|0,00|0,00|01|53,52|0,6500|||0,35|01|53,52|3,0000|||1,61||
|C170|7|237||4,00000|UN|1,40|0,00|0|060|5405||0,00|0,00|0,00|0,00|0,00|0,00|0|||0,00|0,00|0,00|01|1,40|0,6500|||0,01|01|1,40|3,0000|||0,04||
|C170|8|4216||1,00000|UN|115,60|0,00|0|000|5102||115,60|18,00|20,81|0,00|0,00|0,00|0|||0,00|0,00|0,00|01|115,60|0,6500|||0,75|01|115,60|3,0000|||3,47||
|C170|9|2280||1,00000|UN|12,75|0,00|0|060|5405||0,00|0,00|0,00|0,00|0,00|0,00|0|||0,00|0,00|0,00|01|12,75|0,6500|||0,08|01|12,75|3,0000|||0,38||
|C170|10|2278||1,00000|UN|106,20|0,00|0|060|5405||0,00|0,00|0,00|0,00|0,00|0,00|0|||0,00|0,00|0,00|01|106,20|0,6500|||0,69|01|106,20|3,0000|||3,19||
|C170|11|2204||1,00000|UN|7,20|0,00|0|060|5405||0,00|0,00|0,00|0,00|0,00|0,00|0|||0,00|0,00|0,00|01|7,20|0,6500|||0,05|01|7,20|3,0000|||0,22||
|C100|1|0||65|00|001|9957|31220741132335000140650010000099571035431478|25072022|25072022|1239,19|1|0,00||1239,19|9|0,00|0,00|0,00|0,00|0,00||||8,04|37,19|0,00|0,00|
|C110|000001||
|C110|000002||
|C110|000003||
|C110|000004||
|C110|000005||
|C175|5405|1239,19|0,00|01|1239,19|0,6500|||8,04|01|1239,19|3,0000|||37,19|||
|C100|1|0||65|00|001|9958|31220741132335000140650010000099581055719733|25072022|25072022|81,00|0|0,00||81,00|9|0,00|0,00|0,00|0,00|0,00||||0,53|2,43|0,00|0,00|
|C110|000001||
|C110|000002||
|C110|000003||
|C110|000004||
|C110|000005||
|C175|5405|81,00|0,00|01|81,00|0,6500|||0,53|01|81,00|3,0000|||2,43|||
|C100|1|0||65|00|001|9959|31220741132335000140650010000099591076007993|25072022|25072022|81,30|0|0,00||81,30|9|0,00|0,00|0,00|0,00|0,00||||0,52|2,44|0,00|0,00|
|C110|000001||
|C110|000002||
|C110|000003||
|C110|000004||
|C110|000005||
|C175|5405|81,30|0,00|01|81,30|0,6500|||0,52|01|81,30|3,0000|||2,44|||
|C100|1|0||65|00|001|9960|31220741132335000140650010000099601096296258|25072022|25072022|8,23|1|0,00||8,23|9|0,00|0,00|0,00|0,00|0,00||||0,05|0,24|0,00|0,00|
|C110|000001||
|C110|000002||
|C110|000003||
|C110|000004||
|C110|000005||
|C175|5405|8,23|0,00|01|8,23|0,6500|||0,05|01|8,23|3,0000|||0,24|||
|C100|1|0||65|00|001|9961|31220741132335000140650010000099611116584510|25072022|25072022|280,99|1|0,00||280,99|9|0,00|0,00|0,00|0,00|0,00||||1,83|8,42|0,00|0,00|
|C110|000001||
|C110|000002||
|C110|000003||
|C110|000004||
|C110|000005||
|C175|5405|280,99|0,00|01|280,99|0,6500|||1,83|01|280,99|3,0000|||8,42|||
|C100|1|0||65|00|001|9962|31220741132335000140650010000099621136872771|25072022|25072022|524,00|0|0,00||524,00|9|0,00|0,00|0,00|0,00|0,00||||3,40|15,74|0,00|0,00|
|C110|000001||
|C110|000002||
|C110|000003||
|C110|000004||
|C110|000005||
|C175|5405|524,00|0,00|01|524,00|0,6500|||3,40|01|524,00|3,0000|||15,74|||
|C100|1|0|3442|55|00|1|1810|31220741132335000140550010000018101558871359|25072022|25072022|7426,80|1|0,00||7426,80|1|0,00|0,00|0,00|0,00|0,00|0,00|0,00|0,00|48,28|222,80|0,00|0,00|
|C110|000001||
|C110|000002||
|C110|000003||
|C110|000004||
|C110|000005||
|C170|1|4563||20,00000|UN|3242,80|0,00|0|060|5405||0,00|0,00|0,00|0,00|0,00|0,00|0|||0,00|0,00|0,00|01|3242,80|0,6500|||21,08|01|3242,80|3,0000|||97,28||
|C170|2|331||350,00000|UN|224,00|0,00|0|060|5405||0,00|0,00|0,00|0,00|0,00|0,00|0|||0,00|0,00|0,00|01|224,00|0,6500|||1,46|01|224,00|3,0000|||6,72||
|C170|3|5471||650,00000|UN|416,00|0,00|0|060|5405||0,00|0,00|0,00|0,00|0,00|0,00|0|||0,00|0,00|0,00|01|416,00|0,6500|||2,70|01|416,00|3,0000|||12,48||
|C170|4|1180||100,00000|UN|2944,00|0,00|0|060|5405||0,00|0,00|0,00|0,00|0,00|0,00|0|||0,00|0,00|0,00|01|2944,00|0,6500|||19,14|01|2944,00|3,0000|||88,32||
|C170|5|329||300,00000|UN|600,00|0,00|0|060|5405||0,00|0,00|0,00|0,00|0,00|0,00|0|||0,00|0,00|0,00|01|600,00|0,6500|||3,90|01|600,00|3,0000|||18,00||
|C100|1|0||65|00|001|9963|31220741132335000140650010000099631157161049|25072022|25072022|13,57|1|0,00||13,57|9|0,00|0,00|0,00|0,00|0,00||||0,09|0,41|0,00|0,00|
|C110|000001||
|C110|000002||
|C110|000003||
|C110|000004||
|C110|000005||
|C175|5405|13,57|0,00|01|13,57|0,6500|||0,09|01|13,57|3,0000|||0,41|||
|C100|1|0||65|00|001|9964|31220741132335000140650010000099641177449304|25072022|25072022|531,78|0|0,00||531,78|9|0,00|0,00|0,00|196,30|35,33||||3,46|15,94|0,00|0,00|
|C110|000001||
|C110|000002||
|C110|000003||
|C110|000004||
|C110|000005||
|C175|5102|196,30|0,00|01|196,30|0,6500|||1,28|01|196,30|3,0000|||5,89|||
|C175|5405|335,48|0,00|01|335,48|0,6500|||2,18|01|335,48|3,0000|||10,05|||
|C100|1|0|3326|55|00|1|1811|31220741132335000140550010000018111225721244|25072022|25072022|997,30|1|0,00||997,30|1|0,00|0,00|0,00|0,00|0,00|0,00|0,00|0,00|6,48|29,92|0,00|0,00|
|C110|000001||
|C110|000002||
|C110|000003||
|C110|000004||
|C110|000005||
|C170|1|154||8,00000|MT|201,60|0,00|0|060|5405||0,00|0,00|0,00|0,00|0,00|0,00|0|||0,00|0,00|0,00|01|201,60|0,6500|||1,31|01|201,60|3,0000|||6,05||
|C170|2|2599||100,00000|UN|435,00|0,00|0|060|5405||0,00|0,00|0,00|0,00|0,00|0,00|0|||0,00|0,00|0,00|01|435,00|0,6500|||2,83|01|435,00|3,0000|||13,05||
|C170|3|778||10,00000|MT|360,70|0,00|0|060|5405||0,00|0,00|0,00|0,00|0,00|0,00|0|||0,00|0,00|0,00|01|360,70|0,6500|||2,34|01|360,70|3,0000|||10,82||
|C100|1|0||65|00|001|9965|31220741132335000140650010000099651197737566|25072022|25072022|21,23|1|0,00||21,23|9|0,00|0,00|0,00|0,00|0,00||||0,14|0,65|0,00|0,00|
|C110|000001||
|C110|000002||
|C110|000003||
|C110|000004||
|C110|000005||
|C175|5405|21,23|0,00|01|21,23|0,6500|||0,14|01|21,23|3,0000|||0,65|||
|C100|1|0||65|00|001|9966|31220741132335000140650010000099661218025826|25072022|25072022|49,56|1|0,00||49,56|9|0,00|0,00|0,00|0,00|0,00||||0,33|1,49|0,00|0,00|
|C110|000001||
|C110|000002||
|C110|000003||
|C110|000004||
|C110|000005||
|C175|5405|49,56|0,00|01|49,56|0,6500|||0,33|01|49,56|3,0000|||1,49|||
|C100|1|0||65|00|001|9967|31220741132335000140650010000099671238314081|25072022|25072022|33,63|1|0,00||33,63|9|0,00|0,00|0,00|0,00|0,00||||0,20|1,00|0,00|0,00|
|C110|000001||
|C110|000002||
|C110|000003||
|C110|000004||
|C110|000005||
|C175|5405|33,63|0,00|01|33,63|0,6500|||0,20|01|33,63|3,0000|||1,00|||
|C100|1|0||65|00|001|9968|31220741132335000140650010000099681258602349|25072022|25072022|12,60|1|0,00||12,60|9|0,00|0,00|0,00|0,00|0,00||||0,08|0,38|0,00|0,00|
|C110|000001||
|C110|000002||
|C110|000003||
|C110|000004||
|C110|000005||
|C175|5405|12,60|0,00|01|12,60|0,6500|||0,08|01|12,60|3,0000|||0,38|||
|C100|1|0||65|00|001|9969|31220741132335000140650010000099691278890614|25072022|25072022|120,01|1|0,00||120,01|9|0,00|0,00|0,00|0,00|0,00||||0,77|3,60|0,00|0,00|
|C110|000001||
|C110|000002||
|C110|000003||
|C110|000004||
|C110|000005||
|C175|5405|120,01|0,00|01|120,01|0,6500|||0,77|01|120,01|3,0000|||3,60|||
|C100|1|0||65|00|001|9970|31220741132335000140650010000099701299178876|25072022|25072022|382,26|1|0,00||382,26|9|0,00|0,00|0,00|0,00|0,00||||2,49|11,44|0,00|0,00|
|C110|000001||
|C110|000002||
|C110|000003||
|C110|000004||
|C110|000005||
|C175|5405|382,26|0,00|01|382,26|0,6500|||2,49|01|382,26|3,0000|||11,44|||
|C100|1|0|3418|55|00|1|1812|31220741132335000140550010000018121112529590|26072022|26072022|13720,80|1|0,00||13720,80|1|0,00|0,00|0,00|11980,80|2156,54|0,00|0,00|0,00|89,20|411,62|0,00|0,00|
|C110|000001||
|C110|000002||
|C110|000003||
|C110|000004||
|C110|000005||
|C170|1|7905||3000,00000|UN|390,00|0,00|0|060|5405||0,00|0,00|0,00|0,00|0,00|0,00|0|||0,00|0,00|0,00|01|390,00|0,6500|||2,54|01|390,00|3,0000|||11,70||
|C170|2|7902||1440,00000|UN|11980,80|0,00|0|000|5102||11980,80|18,00|2156,54|0,00|0,00|0,00|0|||0,00|0,00|0,00|01|11980,80|0,6500|||77,88|01|11980,80|3,0000|||359,42||
|C170|3|7903||3000,00000|UN|1350,00|0,00|0|060|5405||0,00|0,00|0,00|0,00|0,00|0,00|0|||0,00|0,00|0,00|01|1350,00|0,6500|||8,78|01|1350,00|3,0000|||40,50||
|C100|1|0|3418|55|00|1|1813|31220741132335000140550010000018131132817858|26072022|26072022|932,05|1|0,00||932,05|1|0,00|0,00|0,00|692,25|124,61|0,00|0,00|0,00|6,06|27,96|0,00|0,00|
|C110|000001||
|C110|000002||
|C110|000003||
|C110|000004||
|C110|000005||
|C170|1|7728||1,00000|UN|314,25|0,00|0|000|5102||314,25|18,00|56,57|0,00|0,00|0,00|0|||0,00|0,00|0,00|01|314,25|0,6500|||2,04|01|314,25|3,0000|||9,43||
|C170|2|7920||5,00000|UN|239,80|0,00|0|060|5405||0,00|0,00|0,00|0,00|0,00|0,00|0|||0,00|0,00|0,00|01|239,80|0,6500|||1,56|01|239,80|3,0000|||7,19||
|C170|3|7871||1,00000|UN|378,00|0,00|0|000|5102||378,00|18,00|68,04|0,00|0,00|0,00|0|||0,00|0,00|0,00|01|378,00|0,6500|||2,46|01|378,00|3,0000|||11,34||
|C100|1|0|503|55|00|1|1816|31220741132335000140550010000018161053399443|26072022|26072022|416,18|0|0,00||416,18|1|0,00|0,00|0,00|45,59|8,21|0,00|0,00|0,00|2,70|12,50|0,00|0,00|
|C110|000006||
|C110|000001||
|C110|000002||
|C110|000003||
|C110|000004||
|C110|000005||
|C170|1|2006||1,00000|UN|26,29|0,00|0|060|5405||0,00|0,00|0,00|0,00|0,00|0,00|0|||0,00|0,00|0,00|01|26,29|0,6500|||0,17|01|26,29|3,0000|||0,79||
|C170|2|1214||2,00000|UN|12,66|0,00|0|000|5102||12,66|18,00|2,28|0,00|0,00|0,00|0|||0,00|0,00|0,00|01|12,66|0,6500|||0,08|01|12,66|3,0000|||0,38||
|C170|3|152||2,00000|MT|9,78|0,00|0|060|5405||0,00|0,00|0,00|0,00|0,00|0,00|0|||0,00|0,00|0,00|01|9,78|0,6500|||0,06|01|9,78|3,0000|||0,29||
|C170|4|567||10,00000|UN|126,56|0,00|0|060|5405||0,00|0,00|0,00|0,00|0,00|0,00|0|||0,00|0,00|0,00|01|126,56|0,6500|||0,82|01|126,56|3,0000|||3,80||
|C170|5|567||6,00000|UN|75,94|0,00|0|060|5405||0,00|0,00|0,00|0,00|0,00|0,00|0|||0,00|0,00|0,00|01|75,94|0,6500|||0,49|01|75,94|3,0000|||2,28||
|C170|6|4146||1,00000|UN|50,32|0,00|0|060|5405||0,00|0,00|0,00|0,00|0,00|0,00|0|||0,00|0,00|0,00|01|50,32|0,6500|||0,33|01|50,32|3,0000|||1,51||
|C170|7|4011||3,00000|UN|52,17|0,00|0|060|5405||0,00|0,00|0,00|0,00|0,00|0,00|0|||0,00|0,00|0,00|01|52,17|0,6500|||0,34|01|52,17|3,0000|||1,57||
|C170|8|1736||2,00000|UN|23,26|0,00|0|000|5102||23,26|18,00|4,19|0,00|0,00|0,00|0|||0,00|0,00|0,00|01|23,26|0,6500|||0,15|01|23,26|3,0000|||0,70||
|C170|9|1344||1,00000|UN|7,56|0,00|0|060|5405||0,00|0,00|0,00|0,00|0,00|0,00|0|||0,00|0,00|0,00|01|7,56|0,6500|||0,05|01|7,56|3,0000|||0,23||
|C170|10|1213||2,00000|UN|9,67|0,00|0|000|5102||9,67|18,00|1,74|0,00|0,00|0,00|0|||0,00|0,00|0,00|01|9,67|0,6500|||0,06|01|9,67|3,0000|||0,29||
|C170|11|761||1,00000|UN|19,50|0,00|0|060|5405||0,00|0,00|0,00|0,00|0,00|0,00|0|||0,00|0,00|0,00|01|19,50|0,6500|||0,13|01|19,50|3,0000|||0,59||
|C170|12|6111||4,00000|UN|0,62|0,00|0|060|5405||0,00|0,00|0,00|0,00|0,00|0,00|0|||0,00|0,00|0,00|01|0,62|0,6500|||0,00|01|0,62|3,0000|||0,02||
|C170|13|6113||4,00000|UN|1,03|0,00|0|060|5405||0,00|0,00|0,00|0,00|0,00|0,00|0|||0,00|0,00|0,00|01|1,03|0,6500|||0,01|01|1,03|3,0000|||0,03||
|C170|14|2466||4,00000|UN|0,82|0,00|0|060|5405||0,00|0,00|0,00|0,00|0,00|0,00|0|||0,00|0,00|0,00|01|0,82|0,6500|||0,01|01|0,82|3,0000|||0,02||
|C100|1|0|569|55|00|1|1817|31220741132335000140550010000018171412712982|26072022|26072022|553,11|1|47,80||553,11|1|0,00|0,00|0,00|29,20|5,26|0,00|0,00|0,00|3,60|16,59|0,00|0,00|
|C110|000006||
|C110|000001||
|C110|000002||
|C110|000003||
|C110|000004||
|C110|000005||
|C170|1|2035||1,00000|UN|9,12|0,83|0|060|5405||0,00|0,00|0,00|0,00|0,00|0,00|0|||0,00|0,00|0,00|01|9,12|0,6500|||0,06|01|9,12|3,0000|||0,27||
|C170|2|7744||3,00000|UN|25,65|0,00|0|060|5405||0,00|0,00|0,00|0,00|0,00|0,00|0|||0,00|0,00|0,00|01|25,65|0,6500|||0,17|01|25,65|3,0000|||0,77||
|C170|3|7746||4,00000|UN|87,66|7,94|0|060|5405||0,00|0,00|0,00|0,00|0,00|0,00|0|||0,00|0,00|0,00|01|87,66|0,6500|||0,57|01|87,66|3,0000|||2,63||
|C170|4|4729||50,00000|UN|77,94|7,06|0|060|5405||0,00|0,00|0,00|0,00|0,00|0,00|0|||0,00|0,00|0,00|01|77,94|0,6500|||0,51|01|77,94|3,0000|||2,34||
|C170|5|1813||1,00000|UN|29,20|2,65|0|000|5102||29,20|18,00|5,26|0,00|0,00|0,00|0|||0,00|0,00|0,00|01|29,20|0,6500|||0,19|01|29,20|3,0000|||0,88||
|C170|6|6554||2,00000|UN|260,46|23,60|0|060|5405||0,00|0,00|0,00|0,00|0,00|0,00|0|||0,00|0,00|0,00|01|260,46|0,6500|||1,69|01|260,46|3,0000|||7,81||
|C170|7|7747||1,00000|UN|20,08|1,82|0|060|5405||0,00|0,00|0,00|0,00|0,00|0,00|0|||0,00|0,00|0,00|01|20,08|0,6500|||0,13|01|20,08|3,0000|||0,60||
|C170|8|7747||1,00000|UN|20,08|1,82|0|060|5405||0,00|0,00|0,00|0,00|0,00|0,00|0|||0,00|0,00|0,00|01|20,08|0,6500|||0,13|01|20,08|3,0000|||0,60||
|C170|9|640||1,00000|UN|22,92|2,08|0|060|5405||0,00|0,00|0,00|0,00|0,00|0,00|0|||0,00|0,00|0,00|01|22,92|0,6500|||0,15|01|22,92|3,0000|||0,69||
|C100|1|0||65|00|001|9971|31220741132335000140650010000099711319467131|26072022|26072022|117,89|0|0,00||117,89|9|0,00|0,00|0,00|117,89|21,22||||0,77|3,54|0,00|0,00|
|C110|000001||
|C110|000002||
|C110|000003||
|C110|000004||
|C110|000005||
|C175|5102|117,89|0,00|01|117,89|0,6500|||0,77|01|117,89|3,0000|||3,54|||
|C100|1|0||65|00|001|9972|31220741132335000140650010000099721339755393|26072022|26072022|54,40|1|0,00||54,40|9|0,00|0,00|0,00|0,00|0,00||||0,34|1,64|0,00|0,00|
|C110|000001||
|C110|000002||
|C110|000003||
|C110|000004||
|C110|000005||
|C175|5405|54,40|0,00|01|54,40|0,6500|||0,34|01|54,40|3,0000|||1,64|||
|C100|1|0||65|00|001|9973|31220741132335000140650010000099731360043655|26072022|26072022|24,72|1|0,00||24,72|9|0,00|0,00|0,00|0,00|0,00||||0,16|0,73|0,00|0,00|
|C110|000001||
|C110|000002||
|C110|000003||
|C110|000004||
|C110|000005||
|C175|5405|24,72|0,00|01|24,72|0,6500|||0,16|01|24,72|3,0000|||0,73|||
|C100|1|0||65|00|001|9974|31220741132335000140650010000099741380331912|26072022|26072022|74,62|1|0,00||74,62|9|0,00|0,00|0,00|0,00|0,00||||0,49|2,24|0,00|0,00|
|C110|000001||
|C110|000002||
|C110|000003||
|C110|000004||
|C110|000005||
|C175|5405|74,62|0,00|01|74,62|0,6500|||0,49|01|74,62|3,0000|||2,24|||
|C100|1|0||65|00|001|9975|31220741132335000140650010000099751400620180|26072022|26072022|678,81|1|0,00||678,81|9|0,00|0,00|0,00|0,00|0,00||||4,38|20,35|0,00|0,00|
|C110|000001||
|C110|000002||
|C110|000003||
|C110|000004||
|C110|000005||
|C175|5405|678,81|0,00|01|678,81|0,6500|||4,38|01|678,81|3,0000|||20,35|||
|C100|1|0|3431|55|00|1|1818|31220741132335000140550010000018181498006566|26072022|26072022|1388,73|1|0,00||1388,73|1|0,00|0,00|0,00|0,00|0,00|0,00|0,00|0,00|9,03|41,66|0,00|0,00|
|C110|000001||
|C110|000002||
|C110|000003||
|C110|000004||
|C110|000005||
|C170|1|151||20,00000|MT|168,00|0,00|0|060|6403||0,00|0,00|0,00|0,00|0,00|0,00|0|||0,00|0,00|0,00|01|168,00|0,6500|||1,09|01|168,00|3,0000|||5,04||
|C170|2|829||1,00000|UN|291,99|0,00|0|060|6403||0,00|0,00|0,00|0,00|0,00|0,00|0|||0,00|0,00|0,00|01|291,99|0,6500|||1,90|01|291,99|3,0000|||8,76||
|C170|3|4903||1,00000|UN|807,08|0,00|0|060|6403||0,00|0,00|0,00|0,00|0,00|0,00|0|||0,00|0,00|0,00|01|807,08|0,6500|||5,25|01|807,08|3,0000|||24,21||
|C170|4|5525||2,00000|UN|121,66|0,00|0|060|6403||0,00|0,00|0,00|0,00|0,00|0,00|0|||0,00|0,00|0,00|01|121,66|0,6500|||0,79|01|121,66|3,0000|||3,65||
|C100|1|0||65|00|001|9976|31220741132335000140650010000099761420908446|26072022|26072022|21,24|1|0,00||21,24|9|0,00|0,00|0,00|0,00|0,00||||0,14|0,64|0,00|0,00|
|C110|000001||
|C110|000002||
|C110|000003||
|C110|000004||
|C110|000005||
|C175|5405|21,24|0,00|01|21,24|0,6500|||0,14|01|21,24|3,0000|||0,64|||
|C100|1|0||65|00|001|9977|31220741132335000140650010000099771441196701|26072022|26072022|57,75|1|0,00||57,75|9|0,00|0,00|0,00|0,00|0,00||||0,38|1,73|0,00|0,00|
|C110|000001||
|C110|000002||
|C110|000003||
|C110|000004||
|C110|000005||
|C175|5405|57,75|0,00|01|57,75|0,6500|||0,38|01|57,75|3,0000|||1,73|||
|C100|1|0||65|00|001|9978|31220741132335000140650010000099781461484963|26072022|26072022|18,53|1|0,00||18,53|9|0,00|0,00|0,00|0,00|0,00||||0,11|0,56|0,00|0,00|
|C110|000001||
|C110|000002||
|C110|000003||
|C110|000004||
|C110|000005||
|C175|5405|18,53|0,00|01|18,53|0,6500|||0,11|01|18,53|3,0000|||0,56|||
|C100|1|0||65|00|001|9979|31220741132335000140650010000099791481773224|26072022|26072022|88,90|1|0,00||88,90|9|0,00|0,00|0,00|32,89|5,92||||0,58|2,68|0,00|0,00|
|C110|000001||
|C110|000002||
|C110|000003||
|C110|000004||
|C110|000005||
|C175|5102|32,89|0,00|01|32,89|0,6500|||0,21|01|32,89|3,0000|||0,99|||
|C175|5405|56,01|0,00|01|56,01|0,6500|||0,37|01|56,01|3,0000|||1,69|||
|C100|1|0||65|00|001|9980|31220741132335000140650010000099801502061482|26072022|26072022|899,21|1|0,00||899,21|9|0,00|0,00|0,00|0,00|0,00||||5,89|26,99|0,00|0,00|
|C110|000001||
|C110|000002||
|C110|000003||
|C110|000004||
|C110|000005||
|C175|5405|899,21|0,00|01|899,21|0,6500|||5,89|01|899,21|3,0000|||26,99|||
|C100|1|0||65|00|001|9981|31220741132335000140650010000099811522349756|26072022|26072022|101,47|1|0,00||101,47|9|0,00|0,00|0,00|0,00|0,00||||0,66|3,03|0,00|0,00|
|C110|000001||
|C110|000002||
|C110|000003||
|C110|000004||
|C110|000005||
|C175|5405|101,47|0,00|01|101,47|0,6500|||0,66|01|101,47|3,0000|||3,03|||
|C100|1|0||65|00|001|9982|31220741132335000140650010000099821542638017|26072022|26072022|39,90|0|0,00||39,90|9|0,00|0,00|0,00|0,00|0,00||||0,27|1,20|0,00|0,00|
|C110|000001||
|C110|000002||
|C110|000003||
|C110|000004||
|C110|000005||
|C175|5405|39,90|0,00|01|39,90|0,6500|||0,27|01|39,90|3,0000|||1,20|||
|C100|1|0||65|00|001|9983|31220741132335000140650010000099831562926279|26072022|26072022|62,21|1|0,00||62,21|9|0,00|0,00|0,00|0,00|0,00||||0,41|1,87|0,00|0,00|
|C110|000001||
|C110|000002||
|C110|000003||
|C110|000004||
|C110|000005||
|C175|5405|62,21|0,00|01|62,21|0,6500|||0,41|01|62,21|3,0000|||1,87|||
|C100|1|0||65|00|001|9984|31220741132335000140650010000099841583214534|26072022|26072022|77,71|1|0,00||77,71|9|0,00|0,00|0,00|0,00|0,00||||0,51|2,33|0,00|0,00|
|C110|000001||
|C110|000002||
|C110|000003||
|C110|000004||
|C110|000005||
|C175|5405|77,71|0,00|01|77,71|0,6500|||0,51|01|77,71|3,0000|||2,33|||
|C100|1|0||65|00|001|9985|31220741132335000140650010000099851603502790|26072022|26072022|18,90|0|0,00||18,90|9|0,00|0,00|0,00|0,00|0,00||||0,13|0,57|0,00|0,00|
|C110|000001||
|C110|000002||
|C110|000003||
|C110|000004||
|C110|000005||
|C175|5405|18,90|0,00|01|18,90|0,6500|||0,13|01|18,90|3,0000|||0,57|||
|C100|1|0||65|00|001|9986|31220741132335000140650010000099861623791051|26072022|26072022|32,73|1|0,00||32,73|9|0,00|0,00|0,00|4,12|0,74||||0,23|0,97|0,00|0,00|
|C110|000001||
|C110|000002||
|C110|000003||
|C110|000004||
|C110|000005||
|C175|5102|4,12|0,00|01|4,12|0,6500|||0,03|01|4,12|3,0000|||0,12|||
|C175|5405|28,61|0,00|01|28,61|0,6500|||0,20|01|28,61|3,0000|||0,85|||
|C100|1|0||65|00|001|9987|31220741132335000140650010000099871644079315|26072022|26072022|40,54|1|0,00||40,54|9|0,00|0,00|0,00|29,90|5,38||||0,25|1,23|0,00|0,00|
|C110|000001||
|C110|000002||
|C110|000003||
|C110|000004||
|C110|000005||
|C175|5102|29,90|0,00|01|29,90|0,6500|||0,19|01|29,90|3,0000|||0,90|||
|C175|5405|10,64|0,00|01|10,64|0,6500|||0,06|01|10,64|3,0000|||0,33|||
|C100|1|0||65|00|001|9988|31220741132335000140650010000099881664367585|26072022|26072022|40,71|1|0,00||40,71|9|0,00|0,00|0,00|0,00|0,00||||0,27|1,23|0,00|0,00|
|C110|000001||
|C110|000002||
|C110|000003||
|C110|000004||
|C110|000005||
|C175|5405|40,71|0,00|01|40,71|0,6500|||0,27|01|40,71|3,0000|||1,23|||
|C100|1|0||65|00|001|9989|31220741132335000140650010000099891684655842|26072022|26072022|18,55|1|0,00||18,55|9|0,00|0,00|0,00|0,00|0,00||||0,12|0,56|0,00|0,00|
|C110|000001||
|C110|000002||
|C110|000003||
|C110|000004||
|C110|000005||
|C175|5405|18,55|0,00|01|18,55|0,6500|||0,12|01|18,55|3,0000|||0,56|||
|C100|1|0||65|00|001|9990|31220741132335000140650010000099901704944101|26072022|26072022|19,47|1|0,00||19,47|9|0,00|0,00|0,00|0,00|0,00||||0,12|0,58|0,00|0,00|
|C110|000001||
|C110|000002||
|C110|000003||
|C110|000004||
|C110|000005||
|C175|5405|19,47|0,00|01|19,47|0,6500|||0,12|01|19,47|3,0000|||0,58|||
|C100|1|0||65|00|001|9991|31220741132335000140650010000099911725232361|26072022|26072022|19,90|1|0,00||19,90|9|0,00|0,00|0,00|14,59|2,63||||0,12|0,60|0,00|0,00|
|C110|000001||
|C110|000002||
|C110|000003||
|C110|000004||
|C110|000005||
|C175|5102|14,59|0,00|01|14,59|0,6500|||0,09|01|14,59|3,0000|||0,44|||
|C175|5405|5,31|0,00|01|5,31|0,6500|||0,03|01|5,31|3,0000|||0,16|||
|C100|1|0||65|00|001|9992|31220741132335000140650010000099921745520629|26072022|26072022|29,32|1|0,00||29,32|9|0,00|0,00|0,00|20,47|3,68||||0,19|0,88|0,00|0,00|
|C110|000001||
|C110|000002||
|C110|000003||
|C110|000004||
|C110|000005||
|C175|5102|20,47|0,00|01|20,47|0,6500|||0,13|01|20,47|3,0000|||0,61|||
|C175|5405|8,85|0,00|01|8,85|0,6500|||0,06|01|8,85|3,0000|||0,27|||
|C100|1|0||65|00|001|9993|31220741132335000140650010000099931765808889|26072022|26072022|7,96|1|0,00||7,96|9|0,00|0,00|0,00|0,00|0,00||||0,05|0,23|0,00|0,00|
|C110|000001||
|C110|000002||
|C110|000003||
|C110|000004||
|C110|000005||
|C175|5405|7,96|0,00|01|7,96|0,6500|||0,05|01|7,96|3,0000|||0,23|||
|C100|1|0||65|00|001|9994|31220741132335000140650010000099941786097156|27072022|27072022|421,85|0|0,00||421,85|9|0,00|0,00|0,00|88,84|15,99||||2,75|12,65|0,00|0,00|
|C110|000001||
|C110|000002||
|C110|000003||
|C110|000004||
|C110|000005||
|C175|5102|88,84|0,00|01|88,84|0,6500|||0,58|01|88,84|3,0000|||2,66|||
|C175|5405|333,01|0,00|01|333,01|0,6500|||2,17|01|333,01|3,0000|||9,99|||
|C100|1|0|398|55|00|1|1819|31220741132335000140550010000018191983996731|27072022|27072022|2456,00|2|0,00||2456,00|0|0,00|0,00|0,00|0,00|0,00|0,00|0,00|0,00|15,96|73,68|0,00|0,00|
|C110|000009||
|C110|000006||
|C170|1|7895||1,00000|UN|1136,00|0,00|0|060|5411||0,00|0,00|0,00|0,00|0,00|0,00|0|||0,00|0,00|0,00|01|1136,00|0,6500|||7,38|01|1136,00|3,0000|||34,08||
|C170|2|7896||2,00000|UN|1320,00|0,00|0|060|5411||0,00|0,00|0,00|0,00|0,00|0,00|0|||0,00|0,00|0,00|01|1320,00|0,6500|||8,58|01|1320,00|3,0000|||39,60||
|C100|1|0|2051|55|00|1|1820|31220741132335000140550010000018201540781788|27072022|27072022|13,90|1|0,00||13,90|1|0,00|0,00|0,00|0,00|0,00|0,00|0,00|0,00|0,09|0,42|0,00|0,00|
|C110|000006||
|C110|000001||
|C110|000002||
|C110|000003||
|C110|000004||
|C110|000005||
|C170|1|5666||2,00000|UN|13,90|0,00|0|060|5405||0,00|0,00|0,00|0,00|0,00|0,00|0|||0,00|0,00|0,00|01|13,90|0,6500|||0,09|01|13,90|3,0000|||0,42||
|C100|1|0||65|00|001|9995|31220741132335000140650010000099951806385418|27072022|27072022|48,90|1|0,00||48,90|9|0,00|0,00|0,00|0,00|0,00||||0,33|1,49|0,00|0,00|
|C110|000001||
|C110|000002||
|C110|000003||
|C110|000004||
|C110|000005||
|C175|5405|48,90|0,00|01|48,90|0,6500|||0,33|01|48,90|3,0000|||1,49|||
|C100|1|0||65|00|001|9996|31220741132335000140650010000099961826673670|27072022|27072022|88,23|1|0,00||88,23|9|0,00|0,00|0,00|0,00|0,00||||0,56|2,65|0,00|0,00|
|C110|000001||
|C110|000002||
|C110|000003||
|C110|000004||
|C110|000005||
|C175|5405|88,23|0,00|01|88,23|0,6500|||0,56|01|88,23|3,0000|||2,65|||
|C100|1|0||65|00|001|9997|31220741132335000140650010000099971846961937|27072022|27072022|182,80|0|0,00||182,80|9|0,00|0,00|0,00|0,00|0,00||||1,17|5,48|0,00|0,00|
|C110|000001||
|C110|000002||
|C110|000003||
|C110|000004||
|C110|000005||
|C175|5405|182,80|0,00|01|182,80|0,6500|||1,17|01|182,80|3,0000|||5,48|||
|C100|1|0||65|00|001|9998|31220741132335000140650010000099981867250190|27072022|27072022|7,81|1|0,00||7,81|9|0,00|0,00|0,00|0,00|0,00||||0,05|0,23|0,00|0,00|
|C110|000001||
|C110|000002||
|C110|000003||
|C110|000004||
|C110|000005||
|C175|5405|7,81|0,00|01|7,81|0,6500|||0,05|01|7,81|3,0000|||0,23|||
|C100|1|0||65|00|001|9999|31220741132335000140650010000099991887538456|27072022|27072022|149,15|1|0,00||149,15|9|0,00|0,00|0,00|0,00|0,00||||0,96|4,47|0,00|0,00|
|C110|000001||
|C110|000002||
|C110|000003||
|C110|000004||
|C110|000005||
|C175|5405|149,15|0,00|01|149,15|0,6500|||0,96|01|149,15|3,0000|||4,47|||
|C100|1|0||65|00|001|10000|31220741132335000140650010000100001907826720|27072022|27072022|179,22|1|0,00||179,22|9|0,00|0,00|0,00|0,00|0,00||||1,15|5,39|0,00|0,00|
|C110|000001||
|C110|000002||
|C110|000003||
|C110|000004||
|C110|000005||
|C175|5405|179,22|0,00|01|179,22|0,6500|||1,15|01|179,22|3,0000|||5,39|||
|C100|1|0||65|00|001|10001|31220741132335000140650010000100011928114980|27072022|27072022|46,94|0|0,00||46,94|9|0,00|0,00|0,00|0,00|0,00||||0,30|1,40|0,00|0,00|
|C110|000001||
|C110|000002||
|C110|000003||
|C110|000004||
|C110|000005||
|C175|5405|46,94|0,00|01|46,94|0,6500|||0,30|01|46,94|3,0000|||1,40|||
|C100|1|0||65|00|001|10002|31220741132335000140650010000100021948403240|27072022|27072022|291,42|1|0,00||291,42|9|0,00|0,00|0,00|0,00|0,00||||1,90|8,73|0,00|0,00|
|C110|000001||
|C110|000002||
|C110|000003||
|C110|000004||
|C110|000005||
|C175|5405|291,42|0,00|01|291,42|0,6500|||1,90|01|291,42|3,0000|||8,73|||
|C100|1|0||65|00|001|10003|31220741132335000140650010000100031968691508|27072022|27072022|171,67|1|0,00||171,67|9|0,00|0,00|0,00|0,00|0,00||||1,12|5,16|0,00|0,00|
|C110|000001||
|C110|000002||
|C110|000003||
|C110|000004||
|C110|000005||
|C175|5405|171,67|0,00|01|171,67|0,6500|||1,12|01|171,67|3,0000|||5,16|||
|C100|1|0||65|00|001|10004|31220741132335000140650010000100041988979768|27072022|27072022|5,50|0|0,00||5,50|9|0,00|0,00|0,00|5,50|0,99||||0,04|0,17|0,00|0,00|
|C110|000001||
|C110|000002||
|C110|000003||
|C110|000004||
|C110|000005||
|C175|5102|5,50|0,00|01|5,50|0,6500|||0,04|01|5,50|3,0000|||0,17|||
|C100|1|0||65|00|001|10005|31220741132335000140650010000100051009268031|27072022|27072022|10,84|1|0,00||10,84|9|0,00|0,00|0,00|0,00|0,00||||0,07|0,33|0,00|0,00|
|C110|000001||
|C110|000002||
|C110|000003||
|C110|000004||
|C110|000005||
|C175|5405|10,84|0,00|01|10,84|0,6500|||0,07|01|10,84|3,0000|||0,33|||
|C100|1|0||65|00|001|10006|31220741132335000140650010000100061029556307|27072022|27072022|18,55|1|0,00||18,55|9|0,00|0,00|0,00|13,24|2,38||||0,12|0,55|0,00|0,00|
|C110|000001||
|C110|000002||
|C110|000003||
|C110|000004||
|C110|000005||
|C175|5102|13,24|0,00|01|13,24|0,6500|||0,09|01|13,24|3,0000|||0,40|||
|C175|5405|5,31|0,00|01|5,31|0,6500|||0,03|01|5,31|3,0000|||0,15|||
|C100|1|0||65|00|001|10007|31220741132335000140650010000100071049844569|27072022|27072022|66,00|1|0,00||66,00|9|0,00|0,00|0,00|0,00|0,00||||0,42|1,97|0,00|0,00|
|C110|000001||
|C110|000002||
|C110|000003||
|C110|000004||
|C110|000005||
|C175|5405|66,00|0,00|01|66,00|0,6500|||0,42|01|66,00|3,0000|||1,97|||
|C100|1|0||65|00|001|10008|31220741132335000140650010000100081070132820|27072022|27072022|25,43|1|0,00||25,43|9|0,00|0,00|0,00|0,00|0,00||||0,17|0,77|0,00|0,00|
|C110|000001||
|C110|000002||
|C110|000003||
|C110|000004||
|C110|000005||
|C175|5405|25,43|0,00|01|25,43|0,6500|||0,17|01|25,43|3,0000|||0,77|||
|C100|1|0||65|00|001|10009|31220741132335000140650010000100091090421086|27072022|27072022|19,47|1|0,00||19,47|9|0,00|0,00|0,00|0,00|0,00||||0,12|0,59|0,00|0,00|
|C110|000001||
|C110|000002||
|C110|000003||
|C110|000004||
|C110|000005||
|C175|5405|19,47|0,00|01|19,47|0,6500|||0,12|01|19,47|3,0000|||0,59|||
|C100|1|0||65|00|001|10010|31220741132335000140650010000100101110709340|27072022|27072022|22,66|1|0,00||22,66|9|0,00|0,00|0,00|0,00|0,00||||0,15|0,67|0,00|0,00|
|C110|000001||
|C110|000002||
|C110|000003||
|C110|000004||
|C110|000005||
|C175|5405|22,66|0,00|01|22,66|0,6500|||0,15|01|22,66|3,0000|||0,67|||
|C100|1|0||65|00|001|10011|31220741132335000140650010000100111130997607|27072022|27072022|49,06|1|0,00||49,06|9|0,00|0,00|0,00|0,00|0,00||||0,32|1,48|0,00|0,00|
|C110|000001||
|C110|000002||
|C110|000003||
|C110|000004||
|C110|000005||
|C175|5405|49,06|0,00|01|49,06|0,6500|||0,32|01|49,06|3,0000|||1,48|||
|C100|1|0||65|00|001|10012|31220741132335000140650010000100121151285875|27072022|27072022|77,22|1|0,00||77,22|9|0,00|0,00|0,00|0,00|0,00||||0,50|2,32|0,00|0,00|
|C110|000001||
|C110|000002||
|C110|000003||
|C110|000004||
|C110|000005||
|C175|5405|77,22|0,00|01|77,22|0,6500|||0,50|01|77,22|3,0000|||2,32|||
|C100|1|0||65|00|001|10013|31220741132335000140650010000100131171574136|27072022|27072022|33,90|1|0,00||33,90|9|0,00|0,00|0,00|0,00|0,00||||0,22|1,02|0,00|0,00|
|C110|000001||
|C110|000002||
|C110|000003||
|C110|000004||
|C110|000005||
|C175|5405|33,90|0,00|01|33,90|0,6500|||0,22|01|33,90|3,0000|||1,02|||
|C100|1|0|793|55|00|1|1822|31220741132335000140550010000018221058724943|27072022|27072022|1092,08|0|796,82||1092,08|1|0,00|0,00|0,00|0,00|0,00|0,00|0,00|0,00|7,09|32,79|0,00|0,00|
|C110|000006||
|C110|000001||
|C110|000002||
|C110|000003||
|C110|000004||
|C110|000005||
|C170|1|152||150,00000|MT|405,87|296,13|0|060|5405||0,00|0,00|0,00|0,00|0,00|0,00|0|||0,00|0,00|0,00|01|405,87|0,6500|||2,64|01|405,87|3,0000|||12,18||
|C170|2|5367||2,00000|UN|21,57|15,73|0|060|5405||0,00|0,00|0,00|0,00|0,00|0,00|0|||0,00|0,00|0,00|01|21,57|0,6500|||0,14|01|21,57|3,0000|||0,65||
|C170|3|4556||1,00000|UN|6,62|4,83|0|060|5405||0,00|0,00|0,00|0,00|0,00|0,00|0|||0,00|0,00|0,00|01|6,62|0,6500|||0,04|01|6,62|3,0000|||0,20||
|C170|4|4693||3,00000|UN|42,23|30,82|0|060|5405||0,00|0,00|0,00|0,00|0,00|0,00|0|||0,00|0,00|0,00|01|42,23|0,6500|||0,27|01|42,23|3,0000|||1,27||
|C170|5|2063||5,00000|MT|4,60|3,35|0|060|5405||0,00|0,00|0,00|0,00|0,00|0,00|0|||0,00|0,00|0,00|01|4,60|0,6500|||0,03|01|4,60|3,0000|||0,14||
|C170|6|3376||1,00000|UN|1,53|1,12|0|060|5405||0,00|0,00|0,00|0,00|0,00|0,00|0|||0,00|0,00|0,00|01|1,53|0,6500|||0,01|01|1,53|3,0000|||0,05||
|C170|7|900||18,00000|UN|53,60|39,10|0|060|5405||0,00|0,00|0,00|0,00|0,00|0,00|0|||0,00|0,00|0,00|01|53,60|0,6500|||0,35|01|53,60|3,0000|||1,61||
|C170|8|4693||3,00000|UN|42,23|30,82|0|060|5405||0,00|0,00|0,00|0,00|0,00|0,00|0|||0,00|0,00|0,00|01|42,23|0,6500|||0,27|01|42,23|3,0000|||1,27||
|C170|9|2053||50,00000|UN|135,29|98,71|0|060|5405||0,00|0,00|0,00|0,00|0,00|0,00|0|||0,00|0,00|0,00|01|135,29|0,6500|||0,88|01|135,29|3,0000|||4,06||
|C170|10|4195||2,00000|UN|77,36|56,44|0|060|5405||0,00|0,00|0,00|0,00|0,00|0,00|0|||0,00|0,00|0,00|01|77,36|0,6500|||0,50|01|77,36|3,0000|||2,32||
|C170|11|152||75,00000|MT|296,59|216,41|0|060|5405||0,00|0,00|0,00|0,00|0,00|0,00|0|||0,00|0,00|0,00|01|296,59|0,6500|||1,93|01|296,59|3,0000|||8,90||
|C170|12|151||5,00000|MT|4,59|3,36|0|060|5405||0,00|0,00|0,00|0,00|0,00|0,00|0|||0,00|0,00|0,00|01|4,59|0,6500|||0,03|01|4,59|3,0000|||0,14||
|C100|1|0||65|00|001|10014|31220741132335000140650010000100141191862398|27072022|27072022|7,35|1|0,00||7,35|9|0,00|0,00|0,00|5,58|1,00||||0,05|0,22|0,00|0,00|
|C110|000001||
|C110|000002||
|C110|000003||
|C110|000004||
|C110|000005||
|C175|5102|5,58|0,00|01|5,58|0,6500|||0,04|01|5,58|3,0000|||0,17|||
|C175|5405|1,77|0,00|01|1,77|0,6500|||0,01|01|1,77|3,0000|||0,05|||
|C100|1|0||65|00|001|10015|31220741132335000140650010000100151212150658|27072022|27072022|21,24|1|0,00||21,24|9|0,00|0,00|0,00|0,00|0,00||||0,14|0,63|0,00|0,00|
|C110|000001||
|C110|000002||
|C110|000003||
|C110|000004||
|C110|000005||
|C175|5405|21,24|0,00|01|21,24|0,6500|||0,14|01|21,24|3,0000|||0,63|||
|C100|1|0||65|00|001|10016|31220741132335000140650010000100161232438913|27072022|27072022|81,88|0|0,00||81,88|9|0,00|0,00|0,00|0,00|0,00||||0,54|2,46|0,00|0,00|
|C110|000001||
|C110|000002||
|C110|000003||
|C110|000004||
|C110|000005||
|C175|5405|81,88|0,00|01|81,88|0,6500|||0,54|01|81,88|3,0000|||2,46|||
|C100|1|0||65|00|001|10017|31220741132335000140650010000100171252727179|28072022|28072022|307,65|1|0,00||307,65|9|0,00|0,00|0,00|0,00|0,00||||2,00|9,24|0,00|0,00|
|C110|000001||
|C110|000002||
|C110|000003||
|C110|000004||
|C110|000005||
|C175|5405|307,65|0,00|01|307,65|0,6500|||2,00|01|307,65|3,0000|||9,24|||
|C100|1|0||65|00|001|10018|31220741132335000140650010000100181273015442|28072022|28072022|345,34|1|0,00||345,34|9|0,00|0,00|0,00|76,50|13,77||||2,22|10,36|0,00|0,00|
|C110|000001||
|C110|000002||
|C110|000003||
|C110|000004||
|C110|000005||
|C175|5102|76,50|0,00|01|76,50|0,6500|||0,50|01|76,50|3,0000|||2,30|||
|C175|5405|268,84|0,00|01|268,84|0,6500|||1,72|01|268,84|3,0000|||8,06|||
|C100|1|0||65|00|001|10019|31220741132335000140650010000100191293303700|28072022|28072022|856,15|1|0,00||856,15|9|0,00|0,00|0,00|0,00|0,00||||5,56|25,68|0,00|0,00|
|C110|000001||
|C110|000002||
|C110|000003||
|C110|000004||
|C110|000005||
|C175|5405|856,15|0,00|01|856,15|0,6500|||5,56|01|856,15|3,0000|||25,68|||
|C100|1|0||65|00|001|10020|31220741132335000140650010000100201313591960|28072022|28072022|60,06|1|0,00||60,06|9|0,00|0,00|0,00|0,00|0,00||||0,38|1,81|0,00|0,00|
|C110|000001||
|C110|000002||
|C110|000003||
|C110|000004||
|C110|000005||
|C175|5405|60,06|0,00|01|60,06|0,6500|||0,38|01|60,06|3,0000|||1,81|||
|C100|1|0||65|00|001|10021|31220741132335000140650010000100211333880220|28072022|28072022|14,68|1|0,00||14,68|9|0,00|0,00|0,00|0,00|0,00||||0,09|0,44|0,00|0,00|
|C110|000001||
|C110|000002||
|C110|000003||
|C110|000004||
|C110|000005||
|C175|5405|14,68|0,00|01|14,68|0,6500|||0,09|01|14,68|3,0000|||0,44|||
|C100|1|0||65|00|001|10022|31220741132335000140650010000100221354168489|28072022|28072022|203,80|0|0,00||203,80|9|0,00|0,00|0,00|0,00|0,00||||1,33|6,12|0,00|0,00|
|C110|000001||
|C110|000002||
|C110|000003||
|C110|000004||
|C110|000005||
|C175|5405|203,80|0,00|01|203,80|0,6500|||1,33|01|203,80|3,0000|||6,12|||
|C100|1|0||65|00|001|10023|31220741132335000140650010000100231374456746|28072022|28072022|158,65|1|0,00||158,65|9|0,00|0,00|0,00|0,00|0,00||||1,02|4,77|0,00|0,00|
|C110|000001||
|C110|000002||
|C110|000003||
|C110|000004||
|C110|000005||
|C175|5405|158,65|0,00|01|158,65|0,6500|||1,02|01|158,65|3,0000|||4,77|||
|C100|1|0||65|00|001|10024|31220741132335000140650010000100241394745007|28072022|28072022|194,44|1|0,00||194,44|9|0,00|0,00|0,00|0,00|0,00||||1,27|5,83|0,00|0,00|
|C110|000001||
|C110|000002||
|C110|000003||
|C110|000004||
|C110|000005||
|C175|5405|194,44|0,00|01|194,44|0,6500|||1,27|01|194,44|3,0000|||5,83|||
|C100|1|0|3131|55|00|1|1823|31220741132335000140550010000018231512969338|28072022|28072022|59,13|1|0,00||59,13|1|0,00|0,00|0,00|0,00|0,00|0,00|0,00|0,00|0,38|1,77|0,00|0,00|
|C110|000006||
|C110|000001||
|C110|000002||
|C110|000003||
|C110|000004||
|C110|000005||
|C170|1|7747||3,00000|UN|59,13|0,00|0|060|6403||0,00|0,00|0,00|0,00|0,00|0,00|0|||0,00|0,00|0,00|01|59,13|0,6500|||0,38|01|59,13|3,0000|||1,77||
|C100|1|0||65|00|001|10025|31220741132335000140650010000100251415033270|28072022|28072022|267,73|0|0,00||267,73|9|0,00|0,00|0,00|0,00|0,00||||1,75|8,04|0,00|0,00|
|C110|000001||
|C110|000002||
|C110|000003||
|C110|000004||
|C110|000005||
|C175|5405|267,73|0,00|01|267,73|0,6500|||1,75|01|267,73|3,0000|||8,04|||
|C100|1|0|2085|55|00|1|1824|31220741132335000140550010000018241311735736|28072022|28072022|614,38|2|0,00||547,46|1|0,00|0,00|0,00|444,87|53,38|668,36|66,92|0,00|3,56|16,42|0,00|0,00|
|C110|000010||
|C110|000006||
|C170|1|7848||10,00000|UN|547,46|0,00|0|070|5411||444,87|12,00|53,38|668,36|0,00|66,92|0|||0,00|0,00|0,00|01|547,46|0,6500|||3,56|01|547,46|3,0000|||16,42||
|C100|1|0||65|00|001|10026|31220741132335000140650010000100261435321537|28072022|28072022|115,18|1|0,00||115,18|9|0,00|0,00|0,00|0,00|0,00||||0,76|3,46|0,00|0,00|
|C110|000001||
|C110|000002||
|C110|000003||
|C110|000004||
|C110|000005||
|C175|5405|115,18|0,00|01|115,18|0,6500|||0,76|01|115,18|3,0000|||3,46|||
|C100|1|0||65|00|001|10027|31220741132335000140650010000100271455609797|28072022|28072022|9,34|1|0,00||9,34|9|0,00|0,00|0,00|0,00|0,00||||0,06|0,29|0,00|0,00|
|C110|000001||
|C110|000002||
|C110|000003||
|C110|000004||
|C110|000005||
|C175|5405|9,34|0,00|01|9,34|0,6500|||0,06|01|9,34|3,0000|||0,29|||
|C100|1|0||65|00|001|10028|31220741132335000140650010000100281475898058|28072022|28072022|252,60|0|0,00||252,60|9|0,00|0,00|0,00|3,08|0,55||||1,64|7,57|0,00|0,00|
|C110|000001||
|C110|000002||
|C110|000003||
|C110|000004||
|C110|000005||
|C175|5102|3,08|0,00|01|3,08|0,6500|||0,02|01|3,08|3,0000|||0,09|||
|C175|5405|249,52|0,00|01|249,52|0,6500|||1,62|01|249,52|3,0000|||7,48|||
|C100|1|0||65|00|001|10029|31220741132335000140650010000100291496186313|28072022|28072022|215,00|0|0,00||215,00|9|0,00|0,00|0,00|0,00|0,00||||1,40|6,45|0,00|0,00|
|C110|000001||
|C110|000002||
|C110|000003||
|C110|000004||
|C110|000005||
|C175|5405|215,00|0,00|01|215,00|0,6500|||1,40|01|215,00|3,0000|||6,45|||
|C100|1|0||65|00|001|10030|31220741132335000140650010000100301516474573|28072022|28072022|106,45|1|0,00||106,45|9|0,00|0,00|0,00|0,00|0,00||||0,69|3,18|0,00|0,00|
|C110|000001||
|C110|000002||
|C110|000003||
|C110|000004||
|C110|000005||
|C175|5405|106,45|0,00|01|106,45|0,6500|||0,69|01|106,45|3,0000|||3,18|||
|C100|1|0|619|55|00|1|1825|31220741132335000140550010000018251589432163|28072022|28072022|47,40|0|0,00||47,40|1|0,00|0,00|0,00|0,00|0,00|0,00|0,00|0,00|0,30|1,43|0,00|0,00|
|C110|000006||
|C110|000001||
|C110|000002||
|C110|000003||
|C110|000004||
|C110|000005||
|C170|1|1974||1,00000|UN|34,50|0,00|0|060|5405||0,00|0,00|0,00|0,00|0,00|0,00|0|||0,00|0,00|0,00|01|34,50|0,6500|||0,22|01|34,50|3,0000|||1,04||
|C170|2|3433||1,00000|UN|12,90|0,00|0|060|5405||0,00|0,00|0,00|0,00|0,00|0,00|0|||0,00|0,00|0,00|01|12,90|0,6500|||0,08|01|12,90|3,0000|||0,39||
|C100|1|0||65|00|001|10031|31220741132335000140650010000100311536762849|28072022|28072022|31,87|1|0,00||31,87|9|0,00|0,00|0,00|0,00|0,00||||0,20|0,95|0,00|0,00|
|C110|000001||
|C110|000002||
|C110|000003||
|C110|000004||
|C110|000005||
|C175|5405|31,87|0,00|01|31,87|0,6500|||0,20|01|31,87|3,0000|||0,95|||
|C100|1|0||65|00|001|10032|31220741132335000140650010000100321557051108|28072022|28072022|30,72|1|0,00||30,72|9|0,00|0,00|0,00|0,00|0,00||||0,19|0,93|0,00|0,00|
|C110|000001||
|C110|000002||
|C110|000003||
|C110|000004||
|C110|000005||
|C175|5405|30,72|0,00|01|30,72|0,6500|||0,19|01|30,72|3,0000|||0,93|||
|C100|1|0||65|00|001|10033|31220741132335000140650010000100331577339368|28072022|28072022|360,10|0|0,00||360,10|9|0,00|0,00|0,00|0,00|0,00||||2,35|10,80|0,00|0,00|
|C110|000001||
|C110|000002||
|C110|000003||
|C110|000004||
|C110|000005||
|C175|5405|360,10|0,00|01|360,10|0,6500|||2,35|01|360,10|3,0000|||10,80|||
|C100|1|0||65|00|001|10034|31220741132335000140650010000100341597627625|28072022|28072022|38,59|0|0,00||38,59|9|0,00|0,00|0,00|0,00|0,00||||0,23|1,16|0,00|0,00|
|C110|000001||
|C110|000002||
|C110|000003||
|C110|000004||
|C110|000005||
|C175|5405|38,59|0,00|01|38,59|0,6500|||0,23|01|38,59|3,0000|||1,16|||
|C100|1|0||65|00|001|10035|31220741132335000140650010000100351617915881|28072022|28072022|22,84|1|0,00||22,84|9|0,00|0,00|0,00|0,00|0,00||||0,15|0,68|0,00|0,00|
|C110|000001||
|C110|000002||
|C110|000003||
|C110|000004||
|C110|000005||
|C175|5405|22,84|0,00|01|22,84|0,6500|||0,15|01|22,84|3,0000|||0,68|||
|C100|1|0||65|00|001|10036|31220741132335000140650010000100361638204140|28072022|28072022|125,17|1|0,00||125,17|9|0,00|0,00|0,00|0,00|0,00||||0,81|3,75|0,00|0,00|
|C110|000001||
|C110|000002||
|C110|000003||
|C110|000004||
|C110|000005||
|C175|5405|125,17|0,00|01|125,17|0,6500|||0,81|01|125,17|3,0000|||3,75|||
|C100|1|0||65|00|001|10037|31220741132335000140650010000100371658492416|28072022|28072022|18,67|1|0,00||18,67|9|0,00|0,00|0,00|0,00|0,00||||0,12|0,56|0,00|0,00|
|C110|000001||
|C110|000002||
|C110|000003||
|C110|000004||
|C110|000005||
|C175|5405|18,67|0,00|01|18,67|0,6500|||0,12|01|18,67|3,0000|||0,56|||
|C100|1|0||65|00|001|10038|31220741132335000140650010000100381678780678|28072022|28072022|28,30|0|0,00||28,30|9|0,00|0,00|0,00|0,00|0,00||||0,19|0,85|0,00|0,00|
|C110|000001||
|C110|000002||
|C110|000003||
|C110|000004||
|C110|000005||
|C175|5405|28,30|0,00|01|28,30|0,6500|||0,19|01|28,30|3,0000|||0,85|||
|C100|1|0||65|00|001|10039|31220741132335000140650010000100391699068931|28072022|28072022|21,15|1|0,00||21,15|9|0,00|0,00|0,00|0,00|0,00||||0,13|0,63|0,00|0,00|
|C110|000001||
|C110|000002||
|C110|000003||
|C110|000004||
|C110|000005||
|C175|5405|21,15|0,00|01|21,15|0,6500|||0,13|01|21,15|3,0000|||0,63|||
|C100|1|0||65|00|001|10040|31220741132335000140650010000100401719357195|28072022|28072022|43,95|1|0,00||43,95|9|0,00|0,00|0,00|0,00|0,00||||0,27|1,31|0,00|0,00|
|C110|000001||
|C110|000002||
|C110|000003||
|C110|000004||
|C110|000005||
|C175|5405|43,95|0,00|01|43,95|0,6500|||0,27|01|43,95|3,0000|||1,31|||
|C100|1|0||65|00|001|10041|31220741132335000140650010000100411739645452|28072022|28072022|79,42|1|0,00||79,42|9|0,00|0,00|0,00|0,00|0,00||||0,52|2,39|0,00|0,00|
|C110|000001||
|C110|000002||
|C110|000003||
|C110|000004||
|C110|000005||
|C175|5405|79,42|0,00|01|79,42|0,6500|||0,52|01|79,42|3,0000|||2,39|||
|C100|1|0||65|00|001|10042|31220741132335000140650010000100421759933710|28072022|28072022|27,82|1|0,00||27,82|9|0,00|0,00|0,00|0,00|0,00||||0,17|0,83|0,00|0,00|
|C110|000001||
|C110|000002||
|C110|000003||
|C110|000004||
|C110|000005||
|C175|5405|27,82|0,00|01|27,82|0,6500|||0,17|01|27,82|3,0000|||0,83|||
|C100|1|0||65|00|001|10043|31220741132335000140650010000100431780221984|28072022|28072022|67,80|1|0,00||67,80|9|0,00|0,00|0,00|0,00|0,00||||0,44|2,03|0,00|0,00|
|C110|000001||
|C110|000002||
|C110|000003||
|C110|000004||
|C110|000005||
|C175|5405|67,80|0,00|01|67,80|0,6500|||0,44|01|67,80|3,0000|||2,03|||
|C100|1|0|2492|55|00|1|1826|31220741132335000140550010000018261609634812|29072022|29072022|1161,00|1|0,00||1161,00|1|0,00|0,00|0,00|0,00|0,00|0,00|0,00|0,00|7,55|34,83|0,00|0,00|
|C110|000011||
|C110|000006||
|C110|000001||
|C110|000002||
|C110|000003||
|C110|000004||
|C110|000005||
|C170|1|3876||30,00000|UN|171,00|0,00|0|060|5405||0,00|0,00|0,00|0,00|0,00|0,00|0|||0,00|0,00|0,00|01|171,00|0,6500|||1,11|01|171,00|3,0000|||5,13||
|C170|2|3531||50,00000|UN|990,00|0,00|0|060|5405||0,00|0,00|0,00|0,00|0,00|0,00|0|||0,00|0,00|0,00|01|990,00|0,6500|||6,44|01|990,00|3,0000|||29,70||
|C100|1|0||65|00|001|10044|31220741132335000140650010000100441800510240|29072022|29072022|63,86|1|0,00||63,86|9|0,00|0,00|0,00|0,00|0,00||||0,41|1,92|0,00|0,00|
|C110|000001||
|C110|000002||
|C110|000003||
|C110|000004||
|C110|000005||
|C175|5405|63,86|0,00|01|63,86|0,6500|||0,41|01|63,86|3,0000|||1,92|||
|C100|1|0||65|00|001|10045|31220741132335000140650010000100451820798505|29072022|29072022|46,44|1|0,00||46,44|9|0,00|0,00|0,00|3,91|0,70||||0,31|1,41|0,00|0,00|
|C110|000001||
|C110|000002||
|C110|000003||
|C110|000004||
|C110|000005||
|C175|5102|3,91|0,00|01|3,91|0,6500|||0,03|01|3,91|3,0000|||0,12|||
|C175|5405|42,53|0,00|01|42,53|0,6500|||0,28|01|42,53|3,0000|||1,29|||
|C100|1|0||65|00|001|10046|31220741132335000140650010000100461841086765|29072022|29072022|46,54|1|0,00||46,54|9|0,00|0,00|0,00|13,24|2,38||||0,31|1,40|0,00|0,00|
|C110|000001||
|C110|000002||
|C110|000003||
|C110|000004||
|C110|000005||
|C175|5102|13,24|0,00|01|13,24|0,6500|||0,09|01|13,24|3,0000|||0,40|||
|C175|5405|33,30|0,00|01|33,30|0,6500|||0,22|01|33,30|3,0000|||1,00|||
|C100|1|0||65|00|001|10047|31220741132335000140650010000100471861375026|29072022|29072022|75,67|1|0,00||75,67|9|0,00|0,00|0,00|0,00|0,00||||0,49|2,26|0,00|0,00|
|C110|000001||
|C110|000002||
|C110|000003||
|C110|000004||
|C110|000005||
|C175|5405|75,67|0,00|01|75,67|0,6500|||0,49|01|75,67|3,0000|||2,26|||
|C100|1|0||65|00|001|10048|31220741132335000140650010000100481881663288|29072022|29072022|14,00|0|0,00||14,00|9|0,00|0,00|0,00|14,00|2,52||||0,09|0,42|0,00|0,00|
|C110|000001||
|C110|000002||
|C110|000003||
|C110|000004||
|C110|000005||
|C175|5102|14,00|0,00|01|14,00|0,6500|||0,09|01|14,00|3,0000|||0,42|||
|C100|1|0||65|00|001|10049|31220741132335000140650010000100491901951558|29072022|29072022|397,00|0|0,00||397,00|9|0,00|0,00|0,00|0,00|0,00||||2,57|11,90|0,00|0,00|
|C110|000001||
|C110|000002||
|C110|000003||
|C110|000004||
|C110|000005||
|C175|5405|397,00|0,00|01|397,00|0,6500|||2,57|01|397,00|3,0000|||11,90|||
|C100|1|0||65|00|001|10050|31220741132335000140650010000100501922239815|29072022|29072022|41,77|1|0,00||41,77|9|0,00|0,00|0,00|0,00|0,00||||0,27|1,26|0,00|0,00|
|C110|000001||
|C110|000002||
|C110|000003||
|C110|000004||
|C110|000005||
|C175|5405|41,77|0,00|01|41,77|0,6500|||0,27|01|41,77|3,0000|||1,26|||
|C100|1|0|726|55|00|1|1827|31220741132335000140550010000018271800852702|29072022|29072022|346,45|0|26,05||346,45|1|0,00|0,00|0,00|0,00|0,00|0,00|0,00|0,00|2,25|10,40|0,00|0,00|
|C110|000001||
|C110|000002||
|C110|000003||
|C110|000004||
|C110|000005||
|C170|1|153||15,00000|MT|53,99|4,06|0|060|5405||0,00|0,00|0,00|0,00|0,00|0,00|0|||0,00|0,00|0,00|01|53,99|0,6500|||0,35|01|53,99|3,0000|||1,62||
|C170|2|2074||15,00000|MT|53,99|4,06|0|060|5405||0,00|0,00|0,00|0,00|0,00|0,00|0|||0,00|0,00|0,00|01|53,99|0,6500|||0,35|01|53,99|3,0000|||1,62||
|C170|3|3432||2,00000|UN|53,57|4,03|0|060|5405||0,00|0,00|0,00|0,00|0,00|0,00|0|||0,00|0,00|0,00|01|53,57|0,6500|||0,35|01|53,57|3,0000|||1,61||
|C170|4|5750||3,00000|UN|20,51|1,54|0|060|5405||0,00|0,00|0,00|0,00|0,00|0,00|0|||0,00|0,00|0,00|01|20,51|0,6500|||0,13|01|20,51|3,0000|||0,62||
|C170|5|2076||15,00000|MT|53,99|4,06|0|060|5405||0,00|0,00|0,00|0,00|0,00|0,00|0|||0,00|0,00|0,00|01|53,99|0,6500|||0,35|01|53,99|3,0000|||1,62||
|C170|6|3795||1,00000|UN|32,04|2,41|0|060|5405||0,00|0,00|0,00|0,00|0,00|0,00|0|||0,00|0,00|0,00|01|32,04|0,6500|||0,21|01|32,04|3,0000|||0,96||
|C170|7|146||25,00000|MT|78,36|5,89|0|060|5405||0,00|0,00|0,00|0,00|0,00|0,00|0|||0,00|0,00|0,00|01|78,36|0,6500|||0,51|01|78,36|3,0000|||2,35||
|C100|1|0|2492|55|00|1|1828|31220741132335000140550010000018281650211330|29072022|29072022|2350,59|1|0,00||2350,59|1|0,00|0,00|0,00|454,80|81,87|0,00|0,00|0,00|15,29|70,51|0,00|0,00|
|C110|000012||
|C110|000006||
|C110|000001||
|C110|000002||
|C110|000003||
|C110|000004||
|C110|000005||
|C170|1|4556||5,00000|UN|117,30|0,00|0|060|5405||0,00|0,00|0,00|0,00|0,00|0,00|0|||0,00|0,00|0,00|01|117,30|0,6500|||0,76|01|117,30|3,0000|||3,52||
|C170|2|107||10,00000|UN|194,70|0,00|0|000|5102||194,70|18,00|35,05|0,00|0,00|0,00|0|||0,00|0,00|0,00|01|194,70|0,6500|||1,27|01|194,70|3,0000|||5,84||
|C170|3|3873||30,00000|UN|142,80|0,00|0|060|5405||0,00|0,00|0,00|0,00|0,00|0,00|0|||0,00|0,00|0,00|01|142,80|0,6500|||0,93|01|142,80|3,0000|||4,28||
|C170|4|3511||3,00000|RL|1483,89|0,00|0|060|5405||0,00|0,00|0,00|0,00|0,00|0,00|0|||0,00|0,00|0,00|01|1483,89|0,6500|||9,65|01|1483,89|3,0000|||44,52||
|C170|5|1656||30,00000|UN|260,10|0,00|0|000|5102||260,10|18,00|46,82|0,00|0,00|0,00|0|||0,00|0,00|0,00|01|260,10|0,6500|||1,69|01|260,10|3,0000|||7,80||
|C170|6|3875||30,00000|UN|151,80|0,00|0|060|5405||0,00|0,00|0,00|0,00|0,00|0,00|0|||0,00|0,00|0,00|01|151,80|0,6500|||0,99|01|151,80|3,0000|||4,55||
|C100|1|0|2492|55|00|1|1829|31220741132335000140550010000018291670499590|29072022|29072022|59,60|1|0,00||59,60|1|0,00|0,00|0,00|0,00|0,00|0,00|0,00|0,00|0,39|1,79|0,00|0,00|
|C110|000006||
|C110|000001||
|C110|000002||
|C110|000003||
|C110|000004||
|C110|000005||
|C170|1|4921||20,00000|MT|59,60|0,00|0|060|5405||0,00|0,00|0,00|0,00|0,00|0,00|0|||0,00|0,00|0,00|01|59,60|0,6500|||0,39|01|59,60|3,0000|||1,79||
|C100|1|0|3428|55|00|1|1830|31220741132335000140550010000018301680600928|29072022|29072022|582,00|1|0,26||582,00|1|0,00|0,00|0,00|0,00|0,00|0,00|0,00|0,00|3,78|17,45|0,00|0,00|
|C110|000001||
|C110|000002||
|C110|000003||
|C110|000004||
|C110|000005||
|C170|1|3591||1,00000|UN|3,82|0,00|0|060|5405||0,00|0,00|0,00|0,00|0,00|0,00|0|||0,00|0,00|0,00|01|3,82|0,6500|||0,02|01|3,82|3,0000|||0,11||
|C170|2|742||10,00000|UN|13,99|0,01|0|060|5405||0,00|0,00|0,00|0,00|0,00|0,00|0|||0,00|0,00|0,00|01|13,99|0,6500|||0,09|01|13,99|3,0000|||0,42||
|C170|3|1142||50,00000|MT|158,43|0,07|0|060|5405||0,00|0,00|0,00|0,00|0,00|0,00|0|||0,00|0,00|0,00|01|158,43|0,6500|||1,03|01|158,43|3,0000|||4,75||
|C170|4|3592||1,00000|UN|7,04|0,00|0|060|5405||0,00|0,00|0,00|0,00|0,00|0,00|0|||0,00|0,00|0,00|01|7,04|0,6500|||0,05|01|7,04|3,0000|||0,21||
|C170|5|1142||50,00000|MT|158,43|0,07|0|060|5405||0,00|0,00|0,00|0,00|0,00|0,00|0|||0,00|0,00|0,00|01|158,43|0,6500|||1,03|01|158,43|3,0000|||4,75||
|C170|6|741||10,00000|UN|11,89|0,01|0|060|5405||0,00|0,00|0,00|0,00|0,00|0,00|0|||0,00|0,00|0,00|01|11,89|0,6500|||0,08|01|11,89|3,0000|||0,36||
|C170|7|3590||50,00000|MT|228,40|0,10|0|060|5405||0,00|0,00|0,00|0,00|0,00|0,00|0|||0,00|0,00|0,00|01|228,40|0,6500|||1,48|01|228,40|3,0000|||6,85||
|C100|1|0||65|00|001|10051|31220741132335000140650010000100511942528070|29072022|29072022|32,77|1|0,00||32,77|9|0,00|0,00|0,00|0,00|0,00||||0,22|0,99|0,00|0,00|
|C110|000001||
|C110|000002||
|C110|000003||
|C110|000004||
|C110|000005||
|C175|5405|32,77|0,00|01|32,77|0,6500|||0,22|01|32,77|3,0000|||0,99|||
|C100|1|0||65|00|001|10052|31220741132335000140650010000100521962816338|29072022|29072022|57,34|1|0,00||57,34|9|0,00|0,00|0,00|0,00|0,00||||0,37|1,72|0,00|0,00|
|C110|000001||
|C110|000002||
|C110|000003||
|C110|000004||
|C110|000005||
|C175|5405|57,34|0,00|01|57,34|0,6500|||0,37|01|57,34|3,0000|||1,72|||
|C100|1|0||65|00|001|10053|31220741132335000140650010000100531983104598|29072022|29072022|501,70|0|0,00||501,70|9|0,00|0,00|0,00|0,00|0,00||||3,28|15,04|0,00|0,00|
|C110|000001||
|C110|000002||
|C110|000003||
|C110|000004||
|C110|000005||
|C175|5405|501,70|0,00|01|501,70|0,6500|||3,28|01|501,70|3,0000|||15,04|||
|C100|1|0|398|55|00|1|1831|31220741132335000140550010000018311227455889|29072022|29072022|580,00|2|0,00||580,00|1|0,00|0,00|0,00|0,00|0,00|0,00|0,00|0,00|3,77|17,40|0,00|0,00|
|C110|000013||
|C110|000006||
|C170|1|2864||1,00000|UN|580,00|0,00|0|060|5411||0,00|0,00|0,00|0,00|0,00|0,00|0|||0,00|0,00|0,00|01|580,00|0,6500|||3,77|01|580,00|3,0000|||17,40||
|C100|1|0|2492|55|00|1|1832|31220741132335000140550010000018321731364384|29072022|29072022|5400,25|1|0,00||5400,25|1|0,00|0,00|0,00|134,28|24,17|0,00|0,00|0,00|35,10|162,01|0,00|0,00|
|C110|000006||
|C110|000014||
|C110|000001||
|C110|000002||
|C110|000003||
|C110|000004||
|C110|000005||
|C170|1|1055||60,00000|MT|1437,60|0,00|0|060|5405||0,00|0,00|0,00|0,00|0,00|0,00|0|||0,00|0,00|0,00|01|1437,60|0,6500|||9,34|01|1437,60|3,0000|||43,13||
|C170|2|3497||2,00000|RL|420,84|0,00|0|060|5405||0,00|0,00|0,00|0,00|0,00|0,00|0|||0,00|0,00|0,00|01|420,84|0,6500|||2,74|01|420,84|3,0000|||12,63||
|C170|3|843||60,00000|MT|695,40|0,00|0|060|5405||0,00|0,00|0,00|0,00|0,00|0,00|0|||0,00|0,00|0,00|01|695,40|0,6500|||4,52|01|695,40|3,0000|||20,86||
|C170|4|2137||200,00000|UN|40,00|0,00|0|060|5405||0,00|0,00|0,00|0,00|0,00|0,00|0|||0,00|0,00|0,00|01|40,00|0,6500|||0,26|01|40,00|3,0000|||1,20||
|C170|5|936||3,00000|UN|173,01|0,00|0|060|5405||0,00|0,00|0,00|0,00|0,00|0,00|0|||0,00|0,00|0,00|01|173,01|0,6500|||1,12|01|173,01|3,0000|||5,19||
|C170|6|1656||4,00000|UN|34,68|0,00|0|000|5102||34,68|18,00|6,24|0,00|0,00|0,00|0|||0,00|0,00|0,00|01|34,68|0,6500|||0,23|01|34,68|3,0000|||1,04||
|C170|7|591||60,00000|MT|1026,00|0,00|0|060|5405||0,00|0,00|0,00|0,00|0,00|0,00|0|||0,00|0,00|0,00|01|1026,00|0,6500|||6,67|01|1026,00|3,0000|||30,78||
|C170|8|107||4,00000|UN|99,60|0,00|0|000|5102||99,60|18,00|17,93|0,00|0,00|0,00|0|||0,00|0,00|0,00|01|99,60|0,6500|||0,65|01|99,60|3,0000|||2,99||
|C170|9|2086||100,00000|MT|1314,00|0,00|0|060|5405||0,00|0,00|0,00|0,00|0,00|0,00|0|||0,00|0,00|0,00|01|1314,00|0,6500|||8,54|01|1314,00|3,0000|||39,42||
|C170|10|1039||3,00000|UN|159,12|0,00|0|060|5405||0,00|0,00|0,00|0,00|0,00|0,00|0|||0,00|0,00|0,00|01|159,12|0,6500|||1,03|01|159,12|3,0000|||4,77||
|C100|1|0||65|00|001|10054|31220741132335000140650010000100541003392860|29072022|29072022|112,24|1|0,00||112,24|9|0,00|0,00|0,00|0,00|0,00||||0,72|3,37|0,00|0,00|
|C110|000001||
|C110|000002||
|C110|000003||
|C110|000004||
|C110|000005||
|C175|5405|112,24|0,00|01|112,24|0,6500|||0,72|01|112,24|3,0000|||3,37|||
|C100|1|0|2492|55|00|1|1833|31220741132335000140550010000018331751652641|29072022|29072022|33862,67|1|0,00||33862,67|1|0,00|0,00|0,00|683,49|123,03|0,00|0,00|0,00|220,12|1015,91|0,00|0,00|
|C110|000015||
|C110|000006||
|C110|000001||
|C110|000002||
|C110|000003||
|C110|000004||
|C110|000005||
|C170|1|570||30,00000|UN|189,60|0,00|0|060|5405||0,00|0,00|0,00|0,00|0,00|0,00|0|||0,00|0,00|0,00|01|189,60|0,6500|||1,23|01|189,60|3,0000|||5,69||
|C170|2|3873||25,00000|UN|113,50|0,00|0|060|5405||0,00|0,00|0,00|0,00|0,00|0,00|0|||0,00|0,00|0,00|01|113,50|0,6500|||0,74|01|113,50|3,0000|||3,41||
|C170|3|328||100,00000|UN|53,00|0,00|0|060|5405||0,00|0,00|0,00|0,00|0,00|0,00|0|||0,00|0,00|0,00|01|53,00|0,6500|||0,34|01|53,00|3,0000|||1,59||
|C170|4|2070||150,00000|MT|307,50|0,00|0|060|5405||0,00|0,00|0,00|0,00|0,00|0,00|0|||0,00|0,00|0,00|01|307,50|0,6500|||2,00|01|307,50|3,0000|||9,23||
|C170|5|3904||12,00000|UN|222,60|0,00|0|060|5405||0,00|0,00|0,00|0,00|0,00|0,00|0|||0,00|0,00|0,00|01|222,60|0,6500|||1,45|01|222,60|3,0000|||6,68||
|C170|6|6464||250,00000|MT|8125,00|0,00|0|060|5405||0,00|0,00|0,00|0,00|0,00|0,00|0|||0,00|0,00|0,00|01|8125,00|0,6500|||52,81|01|8125,00|3,0000|||243,75||
|C170|7|152||150,00000|MT|307,50|0,00|0|060|5405||0,00|0,00|0,00|0,00|0,00|0,00|0|||0,00|0,00|0,00|01|307,50|0,6500|||2,00|01|307,50|3,0000|||9,23||
|C170|8|2035||20,00000|UN|161,20|0,00|0|060|5405||0,00|0,00|0,00|0,00|0,00|0,00|0|||0,00|0,00|0,00|01|161,20|0,6500|||1,05|01|161,20|3,0000|||4,84||
|C170|9|3876||30,00000|UN|162,90|0,00|0|060|5405||0,00|0,00|0,00|0,00|0,00|0,00|0|||0,00|0,00|0,00|01|162,90|0,6500|||1,06|01|162,90|3,0000|||4,89||
|C170|10|2141||100,00000|UN|32,00|0,00|0|060|5405||0,00|0,00|0,00|0,00|0,00|0,00|0|||0,00|0,00|0,00|01|32,00|0,6500|||0,21|01|32,00|3,0000|||0,96||
|C170|11|692||20,00000|UN|55,00|0,00|0|060|5405||0,00|0,00|0,00|0,00|0,00|0,00|0|||0,00|0,00|0,00|01|55,00|0,6500|||0,36|01|55,00|3,0000|||1,65||
|C170|12|777||4,00000|UN|62,04|0,00|0|000|5102||62,04|18,00|11,17|0,00|0,00|0,00|0|||0,00|0,00|0,00|01|62,04|0,6500|||0,40|01|62,04|3,0000|||1,86||
|C170|13|2071||150,00000|MT|307,50|0,00|0|060|5405||0,00|0,00|0,00|0,00|0,00|0,00|0|||0,00|0,00|0,00|01|307,50|0,6500|||2,00|01|307,50|3,0000|||9,23||
|C170|14|5662||9,00000|UN|55,08|0,00|0|060|5405||0,00|0,00|0,00|0,00|0,00|0,00|0|||0,00|0,00|0,00|01|55,08|0,6500|||0,36|01|55,08|3,0000|||1,65||
|C170|15|4729||100,00000|UN|29,00|0,00|0|060|5405||0,00|0,00|0,00|0,00|0,00|0,00|0|||0,00|0,00|0,00|01|29,00|0,6500|||0,19|01|29,00|3,0000|||0,87||
|C170|16|2069||150,00000|MT|307,50|0,00|0|060|5405||0,00|0,00|0,00|0,00|0,00|0,00|0|||0,00|0,00|0,00|01|307,50|0,6500|||2,00|01|307,50|3,0000|||9,23||
|C170|17|1009||20,00000|UN|90,80|0,00|0|060|5405||0,00|0,00|0,00|0,00|0,00|0,00|0|||0,00|0,00|0,00|01|90,80|0,6500|||0,59|01|90,80|3,0000|||2,72||
|C170|18|885||45,00000|UN|621,45|0,00|0|000|5102||621,45|18,00|111,86|0,00|0,00|0,00|0|||0,00|0,00|0,00|01|621,45|0,6500|||4,04|01|621,45|3,0000|||18,64||
|C170|19|2068||150,00000|MT|307,50|0,00|0|060|5405||0,00|0,00|0,00|0,00|0,00|0,00|0|||0,00|0,00|0,00|01|307,50|0,6500|||2,00|01|307,50|3,0000|||9,23||
|C170|20|6753||150,00000|MT|22320,00|0,00|0|060|5405||0,00|0,00|0,00|0,00|0,00|0,00|0|||0,00|0,00|0,00|01|22320,00|0,6500|||145,08|01|22320,00|3,0000|||669,60||
|C170|21|6008||100,00000|UN|32,00|0,00|0|060|5405||0,00|0,00|0,00|0,00|0,00|0,00|0|||0,00|0,00|0,00|01|32,00|0,6500|||0,21|01|32,00|3,0000|||0,96||
|C100|1|0|2492|55|00|1|1834|31220741132335000140550010000018341771940909|29072022|29072022|1990,54|1|0,00||1990,54|1|0,00|0,00|0,00|0,00|0,00|0,00|0,00|0,00|12,93|59,72|0,00|0,00|
|C110|000016||
|C110|000006||
|C110|000001||
|C110|000002||
|C110|000003||
|C110|000004||
|C110|000005||
|C170|1|1055||80,00000|MT|1857,60|0,00|0|060|5405||0,00|0,00|0,00|0,00|0,00|0,00|0|||0,00|0,00|0,00|01|1857,60|0,6500|||12,07|01|1857,60|3,0000|||55,73||
|C170|2|261||4,00000|UN|89,44|0,00|0|060|5405||0,00|0,00|0,00|0,00|0,00|0,00|0|||0,00|0,00|0,00|01|89,44|0,6500|||0,58|01|89,44|3,0000|||2,68||
|C170|3|2137||150,00000|UN|43,50|0,00|0|060|5405||0,00|0,00|0,00|0,00|0,00|0,00|0|||0,00|0,00|0,00|01|43,50|0,6500|||0,28|01|43,50|3,0000|||1,31||
|C100|1|0||65|00|001|10055|31220741132335000140650010000100551023681120|29072022|29072022|68,85|1|0,00||68,85|9|0,00|0,00|0,00|20,94|3,77||||0,45|2,07|0,00|0,00|
|C110|000001||
|C110|000002||
|C110|000003||
|C110|000004||
|C110|000005||
|C175|5102|20,94|0,00|01|20,94|0,6500|||0,14|01|20,94|3,0000|||0,63|||
|C175|5405|47,91|0,00|01|47,91|0,6500|||0,31|01|47,91|3,0000|||1,44|||
|C100|1|0|2492|55|00|1|1835|31220741132335000140550010000018351792229160|29072022|29072022|2904,78|1|0,00||2904,78|1|0,00|0,00|0,00|0,00|0,00|0,00|0,00|0,00|18,87|87,15|0,00|0,00|
|C110|000006||
|C110|000017||
|C110|000001||
|C110|000002||
|C110|000003||
|C110|000004||
|C110|000005||
|C170|1|1272||70,00000|MT|2706,90|0,00|0|060|5405||0,00|0,00|0,00|0,00|0,00|0,00|0|||0,00|0,00|0,00|01|2706,90|0,6500|||17,59|01|2706,90|3,0000|||81,21||
|C170|2|1325||12,00000|UN|14,28|0,00|0|060|5405||0,00|0,00|0,00|0,00|0,00|0,00|0|||0,00|0,00|0,00|01|14,28|0,6500|||0,09|01|14,28|3,0000|||0,43||
|C170|3|2204||30,00000|UN|183,60|0,00|0|060|5405||0,00|0,00|0,00|0,00|0,00|0,00|0|||0,00|0,00|0,00|01|183,60|0,6500|||1,19|01|183,60|3,0000|||5,51||
|C100|1|0||65|00|001|10056|31220741132335000140650010000100561043969399|30072022|30072022|33,19|1|0,00||33,19|9|0,00|0,00|0,00|0,00|0,00||||0,21|1,00|0,00|0,00|
|C110|000001||
|C110|000002||
|C110|000003||
|C110|000004||
|C110|000005||
|C175|5405|33,19|0,00|01|33,19|0,6500|||0,21|01|33,19|3,0000|||1,00|||
|C100|1|0||65|00|001|10057|31220741132335000140650010000100571064257654|30072022|30072022|6,56|1|0,00||6,56|9|0,00|0,00|0,00|0,00|0,00||||0,03|0,20|0,00|0,00|
|C110|000001||
|C110|000002||
|C110|000003||
|C110|000004||
|C110|000005||
|C175|5405|6,56|0,00|01|6,56|0,6500|||0,03|01|6,56|3,0000|||0,20|||
|C100|1|0||65|00|001|10058|31220741132335000140650010000100581084545911|30072022|30072022|106,01|1|0,00||106,01|9|0,00|0,00|0,00|0,00|0,00||||0,70|3,19|0,00|0,00|
|C110|000001||
|C110|000002||
|C110|000003||
|C110|000004||
|C110|000005||
|C175|5405|106,01|0,00|01|106,01|0,6500|||0,70|01|106,01|3,0000|||3,19|||
|C100|1|0||65|00|001|10059|31220741132335000140650010000100591104834171|30072022|30072022|18,79|1|0,00||18,79|9|0,00|0,00|0,00|13,49|2,43||||0,12|0,56|0,00|0,00|
|C110|000001||
|C110|000002||
|C110|000003||
|C110|000004||
|C110|000005||
|C175|5102|13,49|0,00|01|13,49|0,6500|||0,09|01|13,49|3,0000|||0,40|||
|C175|5405|5,30|0,00|01|5,30|0,6500|||0,03|01|5,30|3,0000|||0,16|||
|C100|1|0||65|00|001|10060|31220741132335000140650010000100601125122430|30072022|30072022|42,30|1|0,00||42,30|9|0,00|0,00|0,00|4,50|0,82||||0,26|1,28|0,00|0,00|
|C110|000001||
|C110|000002||
|C110|000003||
|C110|000004||
|C110|000005||
|C175|5102|4,50|0,00|01|4,50|0,6500|||0,02|01|4,50|3,0000|||0,14|||
|C175|5405|37,80|0,00|01|37,80|0,6500|||0,24|01|37,80|3,0000|||1,14|||
|C100|1|0||65|00|001|10061|31220741132335000140650010000100611145410692|30072022|30072022|10,76|1|0,00||10,76|9|0,00|0,00|0,00|0,00|0,00||||0,07|0,32|0,00|0,00|
|C110|000001||
|C110|000002||
|C110|000003||
|C110|000004||
|C110|000005||
|C175|5405|10,76|0,00|01|10,76|0,6500|||0,07|01|10,76|3,0000|||0,32|||
|C100|1|0||65|00|001|10062|31220741132335000140650010000100621165698966|30072022|30072022|38,70|1|0,00||38,70|9|0,00|0,00|0,00|0,00|0,00||||0,24|1,16|0,00|0,00|
|C110|000001||
|C110|000002||
|C110|000003||
|C110|000004||
|C110|000005||
|C175|5405|38,70|0,00|01|38,70|0,6500|||0,24|01|38,70|3,0000|||1,16|||
|C100|1|0||65|00|001|10063|31220741132335000140650010000100631185987227|30072022|30072022|12,52|1|0,00||12,52|9|0,00|0,00|0,00|0,00|0,00||||0,08|0,37|0,00|0,00|
|C110|000001||
|C110|000002||
|C110|000003||
|C110|000004||
|C110|000005||
|C175|5405|12,52|0,00|01|12,52|0,6500|||0,08|01|12,52|3,0000|||0,37|||
|C100|1|0||65|00|001|10064|31220741132335000140650010000100641206275481|30072022|30072022|399,56|1|0,00||399,56|9|0,00|0,00|0,00|106,10|19,10||||2,61|11,99|0,00|0,00|
|C110|000001||
|C110|000002||
|C110|000003||
|C110|000004||
|C110|000005||
|C175|5102|106,10|0,00|01|106,10|0,6500|||0,69|01|106,10|3,0000|||3,18|||
|C175|5405|293,46|0,00|01|293,46|0,6500|||1,92|01|293,46|3,0000|||8,81|||
|C100|1|0||65|00|001|10065|31220741132335000140650010000100651226563749|30072022|30072022|68,55|1|0,00||68,55|9|0,00|0,00|0,00|52,93|9,53||||0,46|2,06|0,00|0,00|
|C110|000001||
|C110|000002||
|C110|000003||
|C110|000004||
|C110|000005||
|C175|5102|52,93|0,00|01|52,93|0,6500|||0,35|01|52,93|3,0000|||1,59|||
|C175|5405|15,62|0,00|01|15,62|0,6500|||0,11|01|15,62|3,0000|||0,47|||
|C100|1|0||65|00|001|10066|31220741132335000140650010000100661246852000|30072022|30072022|47,44|1|0,00||47,44|9|0,00|0,00|0,00|0,00|0,00||||0,31|1,42|0,00|0,00|
|C110|000001||
|C110|000002||
|C110|000003||
|C110|000004||
|C110|000005||
|C175|5405|47,44|0,00|01|47,44|0,6500|||0,31|01|47,44|3,0000|||1,42|||
|C100|1|0||65|00|001|10067|31220741132335000140650010000100671267140260|30072022|30072022|70,05|1|0,00||70,05|9|0,00|0,00|0,00|47,51|8,55||||0,45|2,10|0,00|0,00|
|C110|000001||
|C110|000002||
|C110|000003||
|C110|000004||
|C110|000005||
|C175|5102|47,51|0,00|01|47,51|0,6500|||0,31|01|47,51|3,0000|||1,43|||
|C175|5405|22,54|0,00|01|22,54|0,6500|||0,14|01|22,54|3,0000|||0,67|||
|C100|1|0||65|00|001|10068|31220741132335000140650010000100681287428533|30072022|30072022|1290,60|1|0,00||1290,60|9|0,00|0,00|0,00|0,00|0,00||||8,39|38,73|0,00|0,00|
|C110|000001||
|C110|000002||
|C110|000003||
|C110|000004||
|C110|000005||
|C175|5405|1290,60|0,00|01|1290,60|0,6500|||8,39|01|1290,60|3,0000|||38,73|||
|C100|1|0||65|00|001|10069|31220741132335000140650010000100691307716790|30072022|30072022|885,41|1|0,00||885,41|9|0,00|0,00|0,00|0,00|0,00||||5,75|26,57|0,00|0,00|
|C110|000001||
|C110|000002||
|C110|000003||
|C110|000004||
|C110|000005||
|C175|5405|885,41|0,00|01|885,41|0,6500|||5,75|01|885,41|3,0000|||26,57|||
|C100|1|0||65|00|001|10070|31220741132335000140650010000100701328005052|30072022|30072022|105,30|1|0,00||105,30|9|0,00|0,00|0,00|0,00|0,00||||0,67|3,17|0,00|0,00|
|C110|000001||
|C110|000002||
|C110|000003||
|C110|000004||
|C110|000005||
|C175|5405|105,30|0,00|01|105,30|0,6500|||0,67|01|105,30|3,0000|||3,17|||
|C100|1|0||65|00|001|10071|31220741132335000140650010000100711348293310|30072022|30072022|10,57|1|0,00||10,57|9|0,00|0,00|0,00|0,00|0,00||||0,07|0,31|0,00|0,00|
|C110|000001||
|C110|000002||
|C110|000003||
|C110|000004||
|C110|000005||
|C175|5405|10,57|0,00|01|10,57|0,6500|||0,07|01|10,57|3,0000|||0,31|||
|C990|5013|
|D001|1|
|D990|2|
|F001|1|
|F990|2|
|I001|1|
|I990|2|
|M001|0|
|M200|0,00|0,00|0,00|0,00|0,00|0,00|0,00|1723,96|0,00|0,00|1723,96|1723,96|
|M205|12|691201|1723,96|
|M210|51|265346,02|265346,02|0,00|0,00|265346,02|0,65|0,00||1723,96|0,00|0,00|0,00|0,00|1723,96|
|M600|0,00|0,00|0,00|0,00|0,00|0,00|0,00|7962,05|0,00|0,00|7962,05|7962,05|
|M605|12|585601|7962,05|
|M610|51|265346,02|265346,02|0,00|0,00|265346,02|3,00|0,00||7962,05|0,00|0,00|0,00|0,00|7962,05|
|M990|8|
|P001|1|
|P990|2|
|1001|1|
|1990|2|
|9001|0|
|9900|0000|1|
|9900|0001|1|
|9900|0100|1|
|9900|0110|1|
|9900|0140|1|
|9900|0150|63|
|9900|0190|3|
|9900|0200|410|
|9900|0450|17|
|9900|0990|1|
|9900|1001|1|
|9900|1990|1|
|9900|9001|1|
|9900|9900|41|
|9900|9990|1|
|9900|9999|1|
|9900|A001|1|
|9900|A990|1|
|9900|C001|1|
|9900|C010|1|
|9900|C100|612|
|9900|C110|3108|
|9900|C170|669|
|9900|C175|621|
|9900|C990|1|
|9900|D001|1|
|9900|D990|1|
|9900|F001|1|
|9900|F990|1|
|9900|I001|1|
|9900|I990|1|
|9900|M001|1|
|9900|M200|1|
|9900|M205|1|
|9900|M210|1|
|9900|M600|1|
|9900|M605|1|
|9900|M610|1|
|9900|M990|1|
|9900|P001|1|
|9900|P990|1|
|9990|44|
|9999|5576|
